3100 5359
829 734 904 810 L
944 755 974 808 ι
1031 757 1076 807 Β
1131 757 1176 807 12.
1231 755 1280 806 n
1371 725 1809 808 XXXVIII.
2149 756 2287 836 207

312 905 666 1006 jecerunt.
766 908 1264 981 Romanorum
1317 931 1578 1004 magna
1618 931 1772 1003 pars
1822 930 1905 980 ea
1956 905 2161 980 nocie
2214 903 2293 978 in

323 1027 646 1104 hostium
697 1025 934 1102 castris
967 1027 1212 1100 manfit
1241 1057 1266 1114 3
1317 1045 1585 1100 ceteros
1620 1024 1693 1098 in
1729 1023 1849 1098 sua
1882 1024 2095 1099 castra
2125 1049 2297 1098 con-

325 1145 434 1222 sul
471 1143 780 1222 reduxit.
880 1145 1168 1222 Postero
1191 1143 1310 1220 die
1344 1143 1659 1245 captivos
1688 1146 2161 1244 praedamque
2186 1168 2293 1217 re-

325 1265 647 1343 censuit=
700 1289 885 1364 quae
941 1285 1134 1340 tanta
1184 1263 1348 1352 fuit,
1401 1283 1739 1364 quantam
1776 1262 2161 1338 avidiffima
2190 1289 2295 1337 ra-

325 1385 582 1483 piendi
629 1411 831 1485 gem,
884 1409 1118 1484 quum
1169 1383 1272 1459 cis
1329 1404 1650 1458 montem
1690 1385 2017 1458 Taurum
2056 1380 2299 1456 omnia

327 1504 544 1580 armis
565 1530 688 1603 per
707 1505 972 1578 multos
996 1503 1320 1579 tenuisset
1339 1529 1587 1590 annm,
1615 1521 2017 1578 coacervare
2037 1501 2295 1600 potuit.

329 1623 556 1710 Galli,
582 1649 674 1698 ex
692 1622 1009 1722 diflipata
1033 1626 1272 1722 paffim
1299 1621 1469 1723 fuga
1494 1622 1567 1697 in
1594 1647 1823 1696 unum
1854 1623 2095 1698 locum
2126 1648 2297 1698 con-

329 1741 635 1844 gregati,
664 1768 922 1842 magna
947 1767 1100 1840 pars
1129 1739 1340 1816 saucii
1371 1764 1494 1815 aut
1513 1742 1839 1830 inerma,
1868 1742 2118 1817 nudati
2143 1767 2297 1818 om-

331 1863 549 1939 nibus
603 1865 841 1948 rebus,
901 1881 1204 1935 oratores
1237 1862 1328 1934 de
1361 1885 1535 1958 pace
1571 1863 1669 1934 ad'
1694 1861 2055 1937 consulem
2094 1862 2299 1938 mise-

335 2005 526 2059 runt.
613 1987 759 2058 Eos
793 1979 1118 2055 Manlius
1155 1978 1514 2077 Ephesum
1547 1979 1788 2055 venire
1802 1982 2016 2078 juffit.
2118 1981 2297 2081 Ipse,

337 2105 510 2204 (jam
565 2101 758 2178 enirn
811 2099 1136 2174 medium
1187 2098 1516 2174 autumni
1572 2101 1747 2193 erat)
1810 2100 1985 2176 locis
2046 2101 2299 2200 gelidis

334 2219 868 2323 propinquitate
919 2217 1144 2294 Tauri
1197 2217 1464 2294 montis
1505 2220 1849 2294 excedere
1894 2244 2298 2319 properans,

333 2342 680 2419 victorem
711 2338 1111 2416 exercitum
1147 2337 1222 2412 in
1255 2336 1552 2414 hiberna
1585 2337 1973 2414 maritimae
1998 2365 2161 2416 orae
2192 2367 2299 2417 re-

333 2460 574 2540 duxit.

436 2583 793 2658 XXVIII.
896 2581 1100 2656 Dum
1123 2581 1298 2655 haec
1331 2580 1407 2655 in
1433 2583 1599 2655 Afia
1616 2599 1981 2680 geruntur,
2018 2580 2093 2658 in
2120 2603 2305 2658 cete·

333 2701 432 2776 ris
486 2697 874 2800 provinciis
925 2698 1344 2799 tranquillae
1385 2725 1492 2776 res
1549 2699 1863 2776 fuerunt.
1966 2701 2301 2780 Censores

327 2825 622 2898 ‘Romae
654 2823 752 2896 T.
783 2818 1176 2922 Qinetius
1213 2819 1659 2896 Flamininus
1690 2821 1767 2894 ὅτ
1800 2821 1922 2894 Μ.
1956 2822 2303 2898 Claudius

341 2943 736 3018 Marcellus
787 2939 1104 3016 senatum
1152 2941 1631 3040 perlegerunt.
1730 2940 2065 3040 Princeps
2094 2943 2169 3018 in
2203 2943 2301 3019 se-

343 3083 512 3138 natu
545 3059 835 3137 tertium
869 3063 1090 3136 leelus
1115 3063 1198 3135 P.
1231 3058 1474 3159 Scipio
1505 3057 1909 3136 AfricanuS.
1974 3067 2305 3164 Qatuor

339 3181 466 3256 soli
493 3179 844 3282 praeteriti
875 3178 1064 3268 sunt,
1105 3205 1320 3255 nemo
1353 3177 1585 3255 curuli
1618 3179 1783 3252 usus
1816 3181 2107 3258 honore.
2207 3187 2306 3259 Et

345 3299 424 3376 in
471 3299 798 3402 equitatu
843 3299 1267 3376 recensendo
1327 3298 1521 3375 mitis
1578 3301 1975 3376 admodum
2021 3301 2307 3379 censura

341 3419 503 3496 fuit.
569 3419 1176 3496 Substructionem
1211 3417 1414 3519 super
1447 3418 2032 3518 Aequimaelium
2058 3421 2133 3497 in
2163 3424 2301 3499 Ca·

344 3538 626 3638 pitoli0,
677 3545 746 3615 &
783 3539 978 3614 viam
1015 3537 1206 3614 filice
1239 3539 1684 3615 sternendam
1717 3566 1760 3615 a
1786 3561 1989 3640 porta
2019 3525 2307 3643 Capena

345 3660 436 3734 ad
467 3658 730 3736 Martis
753 3662 1184 3734 locaverunt.
1283 3660 1657 3758 Campani,
1686 3659 1817 3734 ubi
1838 3659 2305 3752 censerentur,

342 3777 658 3854 senatum
716 3778 1242 3855 consuluerunt.
1365 3781 1787 3868 Decretum,
1850 3781 1960 3855 uti
2026 3783 2307 3859 Romae

347 3898 808 3974 censerentur.
907 3903 1166 3996 Aquae
1221 3898 1544 3999 ingentes
1610 3925 1701 3973 eo
1755 3925 1945 3975 anno
1996 3900 2305 3980 fuerunt.

349 4017 634 4094 Tiberis
693 4017 1082 4092 duodecies
1136 4043 1480 4116 campum
1538 4017 1892 4096 Martium
1958 4023 2307 4122 planaque

351 4135 544 4213 urbis
598 4135 1000 4213 inundavit.
1096 4139 1224 4216 Ab
1270 4139 1410 4213 Cn.
1463 4137 1751 4217 Manlio
1788 4139 2074 4218 consule
2123 4143 2309 4230 bello
