3100 5359
820 704 952 775 128
1426 705 2051 777 T.L1v11

818 874 1121 949 diversae
1152 873 1642 975 deligabantur
1693 876 1922 953 falces.
2020 876 2136 951 Sic
2168 894 2459 951 armatas
2491 878 2778 975 quadri-

816 1020 962 1093 gas,
993 994 1187 1093 quia,
1220 993 1271 1064 fi
1308 994 1381 1067 in
1408 1016 1750 1084 extremo,
1805 1018 1928 1070 aut
1960 995 2034 1071 in
2065 995 2305 1071 medio
2355 998 2624 1071 locatae
2673 996 2780 1071 fo-

814 1134 992 1201 rent,
1010 1140 1151 1223 ·per
1170 1112 1325 1187 suos
1352 1116 1662 1213 agendae
1693 1137 1910 1203 erant,
1941 1116 2019 1189 in
2044 1116 2272 1213 prima
2296 1115 2470 1204 acie,
2501 1138 2586 1190 ut
2611 1136 2772 1191 ante

814 1232 1090 1307 dictum
1148 1233 1271 1321 est,
1330 1235 1674 1309 locaverat
1725 1262 1868 1309 rex,
1967 1238 2190 1335 Qod
2239 1235 2368 1310 ubi
2419 1238 2780 1309 Eumenes

816 1351 1025 1439 vidit,
1051 1353 1245 1425 haud
1278 1352 1560 1451 ignarus
1615 1380 1920 1452 pugnae,
1972 1359 2040 1428 &
2075 1380 2290 1452 quam
2325 1381 2582 1451 anceps
2613 1358 2778 1429 effer

814 1469 1061 1545 auxilii
1094 1498 1344 1570 genus,
1380 1476 1425 1545 s1
1471 1473 1634 1571 quis
1673 1499 2000 1571 pavorem
2037 1474 2260 1572 magis
2301 1474 2502 1572 equis
2535 1474 2780 1569 injice-

814 1612 942 1678 ret,
975 1616 1192 1690 quarn
1214 1592 1401 1687 justa
1428 1592 1816 1667 adoriretur
1855 1620 2124 1692 pugna,
2159 1592 2517 1667 Cretenses
2570 1593 2776 1693 sagit-

814 1709 1046 1798 tarioS,
1087 1710 1642 1809 funditoresque,
1703 1717 1769 1785 ὅτ
1793 1712 2207 1807 jaculatores
2240 1713 2596 1811 equiturn,
2633 1740 2782 1787 non

816 1829 1193 1919 confertos,
1246 1829 1392 1918 sed,
1452 1857 1669 1930 quam
1706 1830 2011 1906 maxime
2061 1834 2357 1931 pofl’ent,
2411 1831 2782 1929 dispersos,

814 1975 1177 2025 excurrere
1196 1951 1458 2047 jubet3
1513 1952 1714 2025 fimul
1757 1952 2088 2026 omnibus
2140 1952 2452 2049 partibus
2501 1954 2640 2025 tela
2671 1950 2778 2025 in-

816 2096 1073 2171 gerere.
1172 2074 1381 2147 Haec
1442 2072 1639 2145 velut
1695 2072 2021 2169 procella,
2075 2072 2332 2168 partim
2366 2070 2782 2146 vulneribus

814 2189 1175 2265 rniffilium
1196 2189 1517 2288 undique
1538 2191 2048 2287 conjectorum,
2071 2190 2325 2287 partim
2347 2189 2776 2265 clamoribus

810 2309 1122 2396 dissonis,
1178 2310 1275 2383 ita
1306 2308 1770 2384 consternavit
1801 2335 2048 2408 equos»,
2094 2328 2178 2381 ut
2209 2330 2518 2405 repente,
2581 2310 2782 2383 velut

815 2428 1153 2517 effrenati,
1186 2432 1425 2527 paffim
1464 2432 1732 2503 incerto
1763 2427 1966 2503 cursu
2001 2428 2342 2501 ferrentur
2371 2458 2388 2499 ε
2466 2453 2779 2525 quorum

812 2549 1093 2647 inpetus
1142 2547 1423 2622 &levis
1460 2567 1830 2634 armatura,
1880 2552 1946 2621 &
1982 2545 2296 2644 expediti
2347 2544 2770 2635 funditores,

817 2676 885 2743 &
917 2671 1127 2743 velox
1154 2671 1489 2743 Cretensis
1518 2688 1884 2741 momento
1909 2665 2398 2740 declinabant:
2451 2671 2518 2741 ὅτ
2555 2692 2776 2763 eques

813 2786 1255 2886 insequendo
1311 2789 1704 2861 tumultum
1731 2812 1814 2861 ac
1847 2810 2175 2883 pavorem
2217 2784 2422 2883 equis
2467 2783 2780 2859 camelis-

816 2932 983 3006 que,
1020 2911 1087 2981 &
1148 2907 1303 3004 ipfis
1336 2908 1537 2980 fimul
1571 2904 2044 2992 consternatis,
2093 2908 2426 3002 augebat,
2474 2906 2779 2979 clamore

816 3030 884 3099 &
917 3028 1009 3101 ab
1038 3025 1172 3100 alia
1202 3023 1808 3100 circumstantium
1837 3026 2044 3099 turba
2073 3022 2452 3121 multiplici
2483 3025 2781 3119 adjecto·

817 3148 921 3220 Ita
952 3144 1193 3221 medio
1226 3144 1406 3219 inter
1459 3146 1634 3218 duas
1665 3142 1846 3217 acies
1892 3167 2144 3239 campo
2187 3140 2572 3240 exiguntur
2605 3168 2779 3240 qua-

815 3264 1055 3365 drigae
1084 3296 1101 3337 =
1154 3285 1536 3363 amotoque
1571 3261 1766 3337 inani
1796 3260 2135 3349 ludibrio,
2165 3282 2322 3335 turn
2357 3262 2656 3335 demum
2685 3263 2781 3337 ad

802 3384 1073 3481 justum
1104 3382 1481 3483 proelium,
1508 3386 1702 3482 figno
1733 3381 2094 3478 utrimque
2126 3382 2318 3469 dato,
2353 3380 2779 3457 concursum

815 3502 935 3577 est.
2419 3514 2428 3523 “

911 3620 1147 3696 XLII.
1231 3625 1566 3696 Ceterum
1620 3646 1796 3695 vana
1827 3619 1944 3693 illa
1987 3645 2091 3693 res
2122 3645 2322 3695 verae
2355 3644 2530 3693 mox
2561 3619 2784 3695 cladis

812 3744 1043 3817 cauffa
1061 3739 1219 3814 fuit.
1270 3740 1569 3815 Auxilia
1585 3739 1779 3815 enim
1797 3737 2222 3826 subfidiaria,
2251 3763 2432 3835 quae
2453 3738 2784 3835 proxima

814 3862 1038 3935 locata
1062 3880 1285 3947 erant,
1313 3885 1566 3957 pavore
1594 3863 1661 3933 &
1687 3857 2240 3933 consternatione
2269 3856 2780 3954 quadrigarum

814 3978 1071 4068 territa,
1108 3984 1173 4053 δι
1204 3978 1345 4078 ipsa
1378 3978 1453 4052 in
1486 3978 1731 4077 fugam
1758 3976 1971 4064 versa,
2007 3978 2369 4050 nudarunt
2392 3974 2635 4049 omnia
2665 3976 2778 4051 us-

814 4124 957 4199 que
1020 4100 1113 4175 ad
1172 4099 1646 4196 cataphractos
1699 4095 1996 4195 equites.
2093 4096 2218 4171 Ad
2277 4120 2456 4195 quos
2517 4120 2775 4195 quum,
