3100 5359
791 725 932 800 230
1173 752 1180 759 -
1479 701 2111 778 T.L1v11

791 899 936 973 que
961 872 1268 972 Ligures
1301 873 1739 972 provinciam
1774 876 2109 950 decrevit.
2210 874 2417 950 Huic
2460 871 2760 950 senatus·

792 991 1112 1068 consulto
1133 994 1454 1093 Lepidus
1474 993 1721 1069 consul
1742 993 2245 1085 intercedebat,
2279 1007 2329 1039 “
2368 995 2763 1094 Indignum

798 1125 849 1160 “
883 1117 1064 1188 effe'’
1129 1114 1562 1212 praedicans,
1632 1125 1683 1158 “
1722 1115 2037 1190 consules
2103 1119 2352 1190 ambos
2420 1115 2495 1189 in
2552 1116 2768 1188 valles

800 1246 854 1280 “
889 1235 1253 1336 Ligurum
1275 1233 1575 1309 includi.
1627 1239 1741 1308 M.
1766 1235 2109 1310 Fulvium
2144 1241 2211 1310 &
2234 1238 2372 1311 Cn.
2398 1237 2767 1310 Manlium

796 1366 848 1400 “
886 1355 1258 1432 biennium
1279 1357 1456 1450 jam,
1507 1357 1807 1428 alterum
1852 1354 1927 1428 in
1970 1357 2283 1454 Europa,
2334 1357 2635 1430 alterum
2694 1355 2771 1430 in

799 1489 848 1522 “
882 1480 1068 1563 Afia,
1119 1476 1314 1549 velut
1342 1501 1472 1572 pro
1501 1473 1839 1573 Philippo
1870 1495 2083 1572 atque
2120 1474 2487 1550 Antiocho
2518 1473 2769 1550 substi-

799 1607 851 1641 “
889 1618 1104 1683 tutos,
1157 1619 1468 1694 regnare.
1568 1594 1641 1667 Si
1696 1594 2049 1669 exercitus
2102 1595 2177 1668 in
2230 1594 2340 1668 his
2388 1595 2583 1669 terris
2636 1597 2769 1669 effe

802 1727 852 1762 “
889 1719 1183 1816 placeat,
1213 1715 1530 1790 consules
1561 1713 1643 1787 iis
1664 1713 1928 1812 potius,
1960 1741 2177 1812 quam
2206 1714 2538 1813 privatos,
2574 1739 2770 1812 prae-

802 1846 854 1882 “
891 1840 1023 1910 efl'e
1059 1855 1400 1934 oportere.
1503 1833 1761 1933 Vagari
1809 1861 1928 1908 eos
1954 1860 2127 1908 cum
2162 1835 2334 1910 belli
2368 1857 2622 1910 terrore
2648 1860 2775 1932 per

803 1967 854 2001 “
892 1956 1233 2044 nationes,
1263 1953 1526 2052 quibus
1556 1955 1826 2029 bellum
1848 1953 2203 2029 indictum
2231 1982 2375 2030 non
2398 1959 2498 2042 fit,
2523 1980 2773 2052 pacem

804 2088 856 2122 “
895 2075 1122 2175 pretio
1147 2073 1612 2149 venditantes„
1696 2076 1767 2149 Si
1793 2102 1906 2150 eas
1926 2075 2321 2174 provincias
2346 2074 2776 2149 exercitibus

804 2209 856 2242 ‘⁶
892 2195 1210 2272 obtinere
1257 2220 1437 2294 opus
1469 2193 1681 2282 effet3
1744 2199 1918 2270 ficut
1948 2199 2088 2270 Μ’.
2119 2197 2363 2271 Acilio
2396 2200 2489 2270 L.
2524 2194 2773 2293 Scipio

806 2327 860 2361 ‘⁶
897 2315 1166 2403 consul,
1225 2316 1319 2388 L.
1353 2313 1669 2412 Scipioni
1700 2317 1813 2388 M.
1852 2316 2149 2390 Fulvius
2176 2321 2243 2391 &
2278 2320 2417 2393 Cn.
2450 2315 2775 2390 Manlius

805 2449 857 2482 “
893 2437 1348 2514 succefliffent
1375 2433 1741 2522 consules,
1802 2435 1901 2510 ita
1926 2435 2187 2512 Fulvio
2220 2437 2654 2534 Manlioque
2688 2438 2773 2511 C.

807 2570 858 2604 “
895 2557 1194 2632 Livium
1227 2555 1302 2626 &
1338 2557 1452 2628 Μ.
1489 2555 1853 2629 Valerium
1900 2556 2220 2632 consules
2265 2557 2585 2632 debuiffe
2620 2557 2773 2632 suc-

808 2689 859 2721 “
893 2679 1162 2752 cedere.
1261 2677 1483 2748 Nunc
1539 2697 1751 2763 certe,
1812 2675 2127 2774 perfecto
2173 2677 2507 2752 Aetolico
2558 2678 2777 2765 benc,

808 2808 860 2842 “
895 2817 1171 2893 recepta
1220 2797 1310 2870 ab
1363 2795 1729 2869 Antiocho
1780 2797 1965 2883 Alia,
2020 2796 2317 2872 devictis
2360 2796 2620 2883 Gallis,
2656 2817 2779 2870 aut

811 2928 861 2960 “
899 2915 1217 2992 consules
1237 2917 1324 2989 ad
1347 2916 1693 2990 exercitus
1714 2913 2105 2990 consulares
2140 2916 2358 3005 mitti,
2391 2937 2515 2990 aut
2540 2941 2776 3014 repor-

815 3047 866 3080 “
906 3036 1032 3110 tari
1061 3035 1374 3135 legiones
1401 3035 1595 3123 inde,
1650 3035 1999 3134 reddique
2030 3039 2317 3112 tandem
2352 3035 2784 3136 reipublicae

813 3169 865 3202 “
903 3158 1226 3232 debere.”
1323 3159 1642 3244 Senatus,
1692 3155 1803 3228 his
1834 3156 2123 3246 auditis,
2158 3156 2233 3230 in
2263 3156 2601 3232 sententia
2624 3183 2781 3256 per-

815 3277 1171 3366 severavit,
1223 3299 1308 3350 ut
1339 3275 1749 3351 consulibus
1781 3279 2133 3352 ambobus
2165 3277 2472 3377 Ligures
2494 3277 2781 3374 provin-

816 3398 926 3472 cia
958 3399 1160 3472 effet:
1216 3397 1581 3472 Manlium
1611 3395 2097 3496 Fulviumque
2132 3399 2474 3473 decedere
2498 3400 2589 3472 de
2622 3424 2785 3497 pro-

817 3517 1098 3606 vinciis,
1151 3518 1226 3590 δε
1256 3516 1607 3593 exercitus
1632 3514 1801 3590 inde
1838 3518 2215 3606 deducere,
2269 3544 2350 3592 ac
2378 3518 2604 3596 redire
2634 3518 2782 3594 Ro-

820 3665 1011 3714 mam
1049 3637 1334 3735 placuit.

913 3757 1194 3832 XLIII.
1293 3756 1720 3834 Inimicitiae
1768 3757 1950 3832 inter
2006 3759 2120 3832 M.
2174 3757 2517 3833 Fulvium
2556 3759 2633 3832 δῖ,
2668 3761 2786 3834 Μ.

821 3877 1223 3954 Aemilium
1252 3876 1617 3952 consulem
1656 3899 1891 3952 erant:
1943 3877 2018 3949 δι
2054 3876 2256 3976 super
2287 3899 2515 3953 cetera
2545 3879 2791 3954 Aemi-

822 3999 985 4088 lius,
1039 3998 1251 4075 serius
1281 3997 1573 4072 biennio
1607 3997 1673 4072 se
1708 3996 2069 4072 consulem
2097 3996 2367 4073 factum
2395 4002 2511 4073 M.
2550 3998 2789 4074 Fulvii

821 4145 1059 4220 opera,
1117 4122 1446 4196 ducebat.
1545 4121 1797 4217 Itaque
1842 4119 1934 4193 ad
1995 4117 2342 4194 invidiam
2400 4119 2468 4194 ei
2526 4117 2786 4196 facien-
