3100 5359
889 717 962 792 L
1011 741 1042 790 1
1101 687 1142 791 'n
1200 734 1246 791 ε
1299 741 1370 791 n.
1453 715 1814 793 xxxlx.
2172 739 2307 819 315

335 887 654 988 spondit:
693 897 746 932 ‘⁸
783 888 1162 966 Difficilior
1187 890 1419 981 nobis,
1458 897 1604 990 Ap.
1638 889 1925 978 Claudi,
1960 892 2152 988 apud
2180 918 2305 966 vos

341 1019 394 1052 ‘⁸
430 1009 657 1084 oratio
716 1009 840 1100 est,
893 1037 1108 1110 quarn
1157 1013 1438 1086 Romae
1491 1037 1719 1110 nuper
1760 1011 1952 1108 apud
1988 1009 2307 1085 senatum

335 1138 391 1170 “
431 1127 588 1203 fuit.
687 1133 906 1230 Tunc
959 1129 1152 1205 enim
1197 1130 1787 1206 Lacedaemoniis
1820 1129 2307 1206 accusantibus

341 1258 393 1291 “
428 1247 998 1347 respondendum
1045 1271 1189 1325 erat
1211 1259 1246 1322 ε’
1285 1276 1477 1326 nunc
1515 1277 1557 1323 a
1589 1248 1981 1358 vobisipsis
2008 1249 2310 1325 accusati

338 1378 392 1412 “
429 1367 695 1458 sumus,
745 1372 937 1468 apud
999 1397 1180 1470 quos
1233 1374 1460 1445 cauffa
1503 1361 1809 1445 dicenda
1844 1369 1965 1444 est.
2063 1374 2309 1470 Qam

339 1498 392 1531 “
437 1487 886 1586 iniquitatem
916 1489 1348 1578 conditionis
1378 1488 1696 1565 subimus
1726 1487 1843 1563 illa
1876 1488 2018 1586 spe,
2042 1488 2309 1584 judicis

340 1617 395 1651 ‘⁸
431 1607 672 1683 animo
693 1609 1196 1720 teauditurum
1223 1603 1382 1698 effe,
1413 1613 1628 1707 pofita
1654 1607 2132 1698 contentione,
2163 1634 2310 1707 qua

340 1737 393 1771 “
433 1728 670 1826 paullo
707 1751 868 1824 ante
905 1714 1142 1829 egistis
1233 1733 1394 1829 Ego
1447 1751 1657 1817 certe,
1709 1754 1939 1827 quum
1984 1755 2089 1818 ea,
2127 1755 2309 1826 quae

341 1856 396 1890 “
433 1851 501 1920 ὅτ
549 1847 667 1922 hic
719 1871 924 1923 antea
956 1851 1149 1948 apud
1196 1849 1746 1950 QCaecilium,
1782 1853 1850 1922 ὅτ
1880 1848 2117 1946 postea
2154 1851 2308 1924 Ro-

227 2006 234 2012 ·
339 1977 396 2014 ⁸‘
430 1993 588 2042 mae
632 1967 869 2068 questi
899 1968 968 2043 su
981 1991 1056 2043 nt
1085 1967 1668 2057 Lacedaemonii,
1702 1995 1745 2042 a
1775 1990 1844 2042 te
1876 1970 2117 2064 paullo
2148 1990 2311 2042 ante

342 2097 398 2131 ‘⁸
432 2089 642 2162 relata
663 2091 815 2175 fint,
846 2115 988 2162 non
1019 2088 1179 2177 tibi,
1213 2089 1332 2164 sed
1365 2087 1527 2178 illis,
1558 2113 1673 2162 me
1708 2089 1901 2186 apud
1934 2107 2003 2162 te
2029 2085 2310 2187 respon·

341 2217 398 2252 “
430 2209 596 2282 dere
659 2208 967 2282 credam.
1067 2209 1380 2283 Caedem
1430 2207 1737 2304 objicitis
1791 2233 2062 2296 eorum,
2112 2208 2241 2306 qui
2270 2233 2311 2280 a

343 2339 397 2372 “
436 2327 988 2427 Philopoemene
1040 2349 1352 2428 praetore
1400 2327 1675 2403 evocati
1726 2329 1815 2402 ad
1862 2330 2165 2402 cauffam
2201 2325 2310 2401 di-

343 2459 398 2492 “
435 2449 735 2530 cendam
791 2447 1141 2523 interfecti
1175 2447 1364 2522 sunt.
1459 2451 1635 2523 Hoc
1668 2474 1803 2550 ego
1848 2446 2119 2523 crimen
2164 2472 2311 2521 non

342 2577 396 2612 “
431 2569 654 2643 modo
679 2569 965 2657 avobis,
997 2567 1339 2655 Romani,
1368 2567 1486 2642 sed
1517 2595 1605 2642 ne
1636 2569 1828 2666 apud
1853 2595 1982 2643 vos
2011 2567 2311 2666 quidem

345 2698 398 2732 “
437 2687 643 2762 nobis
691 2687 1178 2784 objiciendum
1231 2687 1432 2762 fuifl‘e
1483 2687 1799 2762 arbitror.
1897 2687 2103 2789 Qid
2156 2686 2305 2761 ita?

339 2817 392 2852 “
431 2806 604 2904 quia
634 2806 710 2882 in
738 2807 962 2882 vestro
997 2807 1276 2882 foedere
1310 2830 1478 2906 erat,
1507 2828 1591 2882 ut
1612 2806 1979 2882 m‘aritimis
2014 2807 2312 2882 urbibus

343 2939 400 2971 “
433 2926 858 3002 abstinerent
889 2926 1466 3002 Lacedaemonii.
1544 2933 1718 3028 Qo
1754 2947 2069 3026 tempore
2100 2927 2314 3002 armis

346 3059 400 3096 “
437 3047 658 3147 captis
702 3052 935 3139 urbes,
985 3076 1027 3123 a
1059 3047 1322 3147 quibus
1349 3046 1689 3123 abstinere
1705 3047 1866 3144 juffi
1895 3069 2110 3135 erant,
2139 3072 2309 3122 noc·

349 3180 400 3214 “
439 3189 654 3242 turno
707 3170 950 3268 inpetu
1007 3189 1560 3266 occupaverunt,
1615 3169 1661 3240 fi
1701 3170 1796 3242 T.
1831 3165 2311 3267 Qinc‘tiu5,s1

349 3299 404 3332 “
441 3289 792 3364 exercitus
827 3292 1228 3376 Romanus,
1263 3290 1432 3362 ficut
1459 3306 1687 3376 antea,
1720 3285 1791 3360 in
1829 3275 2315 3384 Peloponneso

347 3419 402 3453 “
439 3407 696 3498 fuisset,
719 3435 804 3482 eo
831 3406 1171 3484 nimirum
1199 3405 1385 3504 capti
1415 3411 1479 3482 δι
1502 3409 1799 3504 obpreffi
1820 3404 2312 3505 confugissent.

347 3540 403 3572 “
437 3534 692 3629 Qum
739 3553 865 3602 vos
918 3529 1168 3626 procul
1219 3525 1468 3616 effetis,
1526 3552 1677 3625 quo
1713 3527 1879 3616 alio,
1911 3523 2036 3602 nifi
2067 3529 2155 3601 ad
2186 3554 2315 3602 nos

343 3659 403 3698 ³⁴
440 3648 664 3723 socios
693 3647 976 3736 vestros,
1013 3671 1192 3747 quos
1225 3669 1426 3722 antea
1459 3645 1737 3746 Gythio
1758 3673 1965 3745 opem
1990 3646 2313 3738 ferentes,

341 3777 402 3832 ἕ*
440 3793 622 3866 quos
667 3771 1282 3845 Lacedaemonem
1325 3766 1697 3845 vobiscum
1732 3768 1937 3843 fimili
1966 3770 2057 3843 de
2086 3771 2317 3844 cauffa

344 3897 404 3952 -“
436 3891 930 3989 obpugnantes
962 3888 1306 3976 viderant,
1338 3887 1855 3987 confugerent?
1940 3893 2079 3964 Pro
2112 3888 2315 3964 vobis

349 4017 404 4055 “
437 4007 664 4107 igitur
723 4009 997 4105 justum
1067 4006 1424 4107 piumque
1505 4009 1777 4082 bellum
1862 4007 2311 4107 suscepimus.

346 4137 404 4188 θ’
439 4130 662 4230 qu
683 4155 916 4228 quum
935 4127 1054 4204 alii
1079 4130 1398 4218 laudent,
1425 4128 1929 4225 reprehendere
1962 4153 2053 4200 ne
2086 4129 2311 4202 Lace·
