3100 5359
939 715 1013 788 L
1068 739 1097 787 1
1159 737 1202 788 Β
1250 735 1294 786 ε
1343 735 1392 786 a
1495 709 1928 787 XXXVIII.
2234 735 2373 810 223

396 889 587 991 quid
618 887 862 988 postea
883 888 1079 977 addi,
1113 887 1339 977 demi,
1371 887 1719 964 mutarive
1754 884 2145 987 placuisset,
2180 907 2267 962 ut
2298 883 2380 960 id

399 1011 591 1086 salvo
625 1008 910 1084 foedere
946 1011 1167 1084 fieret.

499 1131 864 1206 XXXIX.
963 1128 1230 1204 Consul
1279 1127 1548 1226 juravit
1579 1129 1653 1203 in
1686 1131 1825 1204 hoc
1880 1126 2155 1202 foedus.
2254 1127 2378 1201 Ab

397 1277 566 1351 rege
626 1250 757 1350 qui
796 1248 1162 1350 exigerent
1187 1250 1718 1347 jusjurandum,
1762 1245 2059 1347 profecti
2092 1245 2379 1347 QMi-

399 1370 660 1446 nucius
684 1372 1048 1446 Thermus
1083 1371 1158 1442 δε
1185 1372 1279 1445 L.
1317 1370 1669 1458 Manlius,
1726 1367 1857 1468 qui
1893 1389 2049 1442 turn
2080 1366 2259 1442 forte
2286 1369 2379 1442 ab

396 1491 760 1566 Oroandis
793 1488 1025 1566 rediit.
1131 1491 1228 1564 Et
1261 1489 1617 1590 QFabio
1639 1488 1994 1576 Labeoni,
2030 1487 2159 1587 qui
2194 1489 2376 1564 claffi

399 1632 740 1711 praeerat,
793 1608 1077 1716 scripfit,
1113 1632 1198 1685 ut
1233 1613 1478 1684 Patara
1510 1610 1873 1708 extemplo
1910 1606 2378 1708 proficiscere-

401 1753 567 1820 tur3
622 1757 952 1831 quaeque
1007 1730 1112 1805 ibi
1171 1755 1386 1804 naves
1416 1729 1647 1828 regiae
1682 1731 1925 1818 effent,
1972 1727 2382 1805 concideret

393 1871 904 1950 cremat-etque.
988 1848 1358 1924 Profectus
1381 1852 1471 1924 ab
1503 1847 1812 1948 Epheso,
1843 1847 2373 1950 quinquaginta

399 1975 620 2048 teffas
665 1998 876 2046 naves
907 1991 1033 2046 aut
1066 1969 1414 2060 concidit,
1474 1991 1598 2046 aut
1632 1968 1976 2046 incendit.
2074 1967 2381 2046 Telmis-

399 2090 562 2168 sum
615 2093 866 2167 eadem
925 2089 1413 2190 expeditione,
1481 2090 1736 2167 territis
1781 2090 2021 2167 subito
2065 2091 2379 2166 adventu

399 2214 622 2290 claflis
687 2210 1094 2312 oppidaniS,
1157 2211 1446 2311 recepit.
1551 2215 1669 2286 Ex
1734 2209 1967 2311 Lycia
2030 2209 2381 2310 protinus»,

387 2335 590 2434 juffis
641 2336 732 2409 ab
787 2331 1070 2432 Epheso
1122 2330 1350 2431 sequi,
1405 2331 1536 2431 qui
1586 2331 1691 2408 ibi
1725 2331 1951 2408 relicti
1992 2349 2215 2420 erant,
2260 2357 2386 2430 per

403 2453 667 2530 insulas
699 2453 778 2528 in
809 2453 1184 2530 Graeciam
1219 2452 1506 2549 trajecit.
1607 2451 1915 2532 Athenis
1946 2477 2210 2552 paucos
2230 2475 2385 2527 mo-

403 2597 596 2652 ratus
632 2574 810 2664 dies,
866 2576 1050 2648 dum
1083 2571 1455 2649 Piraeeum
1489 2576 1583 2650 ab
1620 2573 1901 2672 Epheso
1936 2599 2147 2650 naves
2178 2572 2378 2649 veni·

407 2718 595 2785 rent,
659 2715 886 2770 totam
913 2692 1080 2768 inde
1102 2695 1380 2769 claffem
1415 2692 1490 2768 in
1526 2692 1802 2768 Italiam
1834 2691 2143 2769 reduxit.
2242 2695 2383 2770 Cn.

407 2815 742 2894 Manlius
795 2838 1032 2914 quum
1091 2813 1274 2888 inter
1316 2835 1571 2902 cetera,
1626 2839 1809 2912 quae
1845 2813 2265 2912 accipienda
2292 2817 2385 2890 ab

409 2935 788 3012 Antiocho
852 2955 1074 3022 erant,
1134 2935 1546 3032 elephantos
1624 2958 1919 3032 quoque
1986 2934 2384 3033 accepiss'et,

411 3058 761 3154 donoque
795 3053 1114 3140 Eumeni
1148 3080 1395 3129 omnes
1427 3052 1773 3141 dediffet3
1825 3051 2090 3130 deinde
2122 3057 2385 3130 caufl‘as

407 3174 843 3263 civitatium,
879 3172 1125 3249 multis
1152 3173 1332 3248 inter
1365 3199 1583 3250 novas
1616 3199 1723 3248 res
1756 3173 2081 3263 turbatis,
2115 3201 2383 3275 cogno-

403 3297 534 3374 vit.
639 3299 738 3370 Et
786 3293 1196 3383 Ariarathes
1251 3321 1403 3382 rex,
1462 3315 1658 3392 parte
1702 3292 2011 3369 dimidia
2040 3294 2385 3394 pecuniae

408 3419 819 3517 imperatae,
885 3414 1236 3490 Eumenis
1288 3413 1671 3503 beneficio,
1726 3413 1847 3488 cui
1914 3413 2387 3514 desponderat

407 3565 534 3638 per
565 3564 690 3612 eos
720 3535 870 3611 dies
899 3534 1148 3624 filiam,
1178 3534 1476 3624 remifl'a,
1504 3532 1582 3609 in
1601 3532 1987 3610 amicitiam
2014 3535 2114 3610 est
2138 3562 2387 3636 accep-

410 3679 552 3734 tus.
680 3655 1103 3733 civitatium
1149 3674 1389 3730 autem
1450 3653 1755 3754 cognitis
1806 3656 2075 3744 caustis,
2132 3658 2385 3734 decem

411 3777 629 3881 legati
654 3777 867 3852 aliam
885 3775 1184 3852 aliarum
1211 3773 1533 3855 fecemnt
1557 3772 2073 3850 conditionem.
2174 3779 2386 3880 Qae

415 3895 910 3999 stipendiariae
968 3894 1119 3996 regi
1185 3893 1557 3971 Antiocho
1612 3893 1915 3985 fuerant,
1947 3895 2022 3968 &
2058 3922 2229 3973 cum
2260 3923 2389 3996 po·

413 4023 594 4122 pulo
647 4021 990 4094 Romano
1037 4014 1407 4106 senserant,
1473 4013 1562 4090 iis
1618 4013 2123 4092 inmunitatem
2167 4019 2383 4093 dede-

415 4161 626 4220 runt:
680 4165 866 4243 quae
904 4135 1220 4239 partium
1253 4135 1603 4215 Antiochi
1637 4135 1939 4225 fuerant,
1971 4157 2097 4214 aut
2127 4136 2387 4237 stipen-
