3100 5359
749 740 845 809 24
1414 713 2043 789 T.L1v11

753 884 1014 973 missus.
1112 886 1361 960 Cetera
1394 884 1788 959 multitudo
1835 884 2326 958 Athamanum
2367 901 2490 956 aut
2523 879 2712 954 mili-

755 1025 911 1079 tum
944 1003 1287 1096 Antiochi
1320 1003 1527 1102 regiS,
1581 1030 1763 1103 quae
1800 1002 1875 1077 in
1918 1001 2268 1101 praefidiis
2303 1001 2715 1076 deditorum

752 1151 879 1221 per
920 1149 1037 1198 eos
1084 1123 1235 1198 dies
1279 1122 1716 1222 oppidorum
1767 1122 2021 1212 fuerat,
2074 1120 2411 1220 Philippo
2455 1122 2716 1198 tradita

752 1243 897 1342 regi
946 1242 1065 1316 est.
1168 1245 1391 1318 Fuere
1442 1264 1682 1316 autem
1727 1246 1820 1316 ad
1869 1242 1999 1318 tria
2043 1241 2264 1316 millia
2307 1241 2712 1316 hominum.

753 1363 1017 1438 Consul
1051 1361 1391 1436 Larifl'am
1421 1363 1521 1436 est
1552 1362 1933 1460 profectuS,
1983 1361 2088 1437 ibi
2124 1363 2214 1435 de
2241 1361 2515 1436 summa
2547 1361 2714 1437 belli

752 1481 1282 1558 consultaturus.
1382 1483 1467 1556 In
1520 1481 1763 1556 itinere
1797 1486 1887 1559 ab
1933 1481 2163 1558 Pieria
2207 1487 2274 1556 ὅτ
2317 1481 2713 1580 Metropoli

750 1603 959 1702 legati
1004 1603 1348 1676 tradentes
1392 1605 1604 1676 urbes
1655 1601 1806 1676 suas
1851 1605 2338 1677 obcurrerunt.
2440 1600 2711 1698 Philip-

751 1751 909 1823 puS,
963 1724 1451 1797 Athamanum
1495 1721 1870 1820 praecipue
1923 1723 2218 1820 captivis
2260 1719 2712 1821 indulgenter

676 1833 681 1838 ⁵
752 1843 1034 1934 habitis,
1072 1865 1149 1915 ut
1178 1867 1299 1937 per
1324 1867 1443 1914 eos
1471 1841 1872 1916 conciliaret
1899 1863 2209 1941 gentem,
2247 1844 2489 1916 naetus
2517 1838 2712 1937 spem

754 1961 1217 2037 Athamaniae
1250 1959 1664 2059 potiundae,
1709 1961 2102 2036 exercitum
2127 1988 2214 2034 eo
2235 1959 2469 2046 duxit,
2517 1985 2713 2057 prae-

752 2083 960 2156 miffis
994 2080 1069 2155 in
1104 2081 1421 2156 civitates
1447 2079 1764 2178 captivis.
1846 2083 1942 2154 Et
1971 2080 2074 2154 illi
2107 2105 2439 2178 magnam
2469 2082 2710 2154 aucto-

750 2200 1025 2276 ritatem
1052 2203 1247 2299 apud
1268 2201 1640 2300 populares
1666 2202 2091 2287 habuerunt,
2127 2200 2576 2274 clementiam
2603 2207 2718 2274 er-'

750 2320 923 2420 gase
944 2320 1122 2420 regis
1168 2318 1878 2416 munificentiamque
1925 2341 2587 2394 commemorantem
2639 2323 2710 2392 ὅτ

752 2441 1241 2539 Amynander,
1296 2439 1497 2535 cujus
1535 2437 1907 2537 praesentis
1957 2439 2266 2534 majestas
2301 2438 2576 2536 aliquos
2633 2439 2710 2514 in

748 2562 891 2634 fide
938 2557 1411 2646 continuisset,
1476 2559 1743 2632 veritus
1795 2585 1882 2632 ne
1937 2560 2322 2632 traderetur
2377 2557 2710 2657 Philippo

738 2679 888 2775 jam
921 2678 1196 2776 pridem
1245 2676 1453 2765 hosti,
1505 2682 1575 2752 ὅτ
1611 2677 1960 2752 Romanis
2007 2677 2261 2753 merito
2295 2701 2466 2754 tunc
2500 2705 2709 2777 prop·

748 2818 853 2873 ter
884 2795 1357 2872 defectionem
1410 2795 1713 2884 infenfis,
1764 2824 1933 2873 cum
1981 2799 2285 2897 conjuge
2337 2825 2418 2872 ac
2470 2798 2706 2874 liberis

748 2943 970 3016 regno
1014 2919 1321 3022 excessit,
1393 2915 1995 3015 Ambraciamque
2053 2917 2121 2992 se
2179 2917 2503 2992 contulit.
2603 2920 2709 2990 Ita

750 3035 1181 3111 Athamania
1235 3034 1469 3110 omnis
1526 3035 1602 3109 in
1654 3037 1773 3132 jus
1833 3036 2328 3135 ditionemque
2390 3036 2708 3136 Philippi

748 3159 1095 3231 conceffit.
1194 3154 1488 3244 Consul,
1516 3156 1607 3229 ad
1629 3154 2008 3231 reficienda
2029 3158 2338 3232 maxime
2352 3159 2706 3254 jumenta,

749 3303 931 3373 quae
981 3279 1049 3350 δε
1089 3274 1558 3374 navigatione,
1610 3280 1679 3350 ὅτ
1725 3276 1962 3373 postea
2007 3275 2378 3354 itineribus
2419 3275 2707 3376 fatigata

746 3417 963 3482 erant,
1015 3419 1277 3492 paucos
1302 3393 1610 3470 Lariss'ae
1645 3418 1953 3472 moratus
1981 3395 2156 3484 dies,
2191 3398 2387 3471 velut
2421 3423 2707 3474 renova-

748 3536 821 3589 to
856 3515 1139 3588 modica
1163 3514 1402 3611 quiete
1436 3514 1782 3602 exercitu,
1823 3519 2232 3596 ,Cranonem
2271 3517 2368 3590 est
2395 3517 2706 3617 progres-

746 3633 879 3709 suS.
1000 3634 1333 3708 Venienti
1402 3633 1792 3724 Pharsalus,
1863 3638 2198 3722 Scotufl'a,
2271 3635 2344 3708 &
2412 3640 2704 3726 Pherae,

746 3779 1075 3852 quaeque
1124 3752 1197 3826 in
1234 3753 1333 3828 eis
1382 3754 1716 3852 praefidia
1750 3753 2096 3830 Antiochi
2133 3777 2352 3844 erant,
2427 3758 2704 3832 dedun-

746 3895 879 3947 tur.
982 3875 1095 3946 Ex
1131 3873 1216 3948 iis
1260 3874 1724 3973 interrogatis,
1778 3873 1906 3974 qui
1953 3901 2234 3952 manere
2281 3874 2514 3952 secum
2560 3879 2703 3952 vel·

746 3993 917 4080 lent,
970 3990 1163 4066 mille
1196 3995 1510 4069 volentes
1546 3992 1884 4092 Philippo
1919 3994 2172 4070 tradit:
2224 4018 2488 4070 ceteros
2521 3994 2704 4073 iner-

742 4137 893 4185 mes
922 4113 1451 4188 Demetriadem
1481 4111 1798 4189 remittit.
1899 4117 2280 4191 Pro‘e’rnam
2316 4116 2482 4192 inde
2515 4142 2702 4193 rece-
