3100 5359
915 725 992 802 L
1040 749 1072 800 1
1129 751 1172 800 n
1231 749 1274 800 Ε
1331 718 1414 800 ι’
1479 725 1842 802 XXXIX.
2220 729 2357 802 281

389 895 606 974 Edici
639 916 990 996 praeterea
1019 897 1094 971 in
1127 901 1306 974 urbe
1351 901 1618 988 Roma,
1664 903 1733 975 δι
1779 925 1906 998 per
1944 917 2167 974 totam
2225 899 2362 973 Ita-

386 1017 556 1094 liam
610 1018 844 1094 edicta
883 1017 1101 1106 mitti,
1160 1030 1212 1062 ‘⁶
1251 1021 1368 1094 Ne
1402 1018 1593 1118 quiS,
1656 1017 1783 1118 qui
1810 1017 2103 1094 Bacchis
2134 1017 2364 1092 initia-

349 1149 442 1183 ·“
480 1161 592 1213 tus
627 1138 816 1225 effet,
864 1141 1074 1213 co‘ifl‘e
1119 1160 1242 1212 aut
1289 1138 1688 1214 convenisse
1742 1141 1971 1214 cauffa
2006 1136 2360 1214 sacrorum

391 1271 443 1304 “
477 1259 675 1349 velit,
730 1283 873 1334 neu
909 1259 1092 1356 quid
1126 1257 1280 1333 talis
1313 1259 1413 1333 rei
1447 1257 1731 1333 divinae
1767 1256 2069 1335 feciffe.”
2166 1264 2363 1333 Ante

390 1379 659 1468 omnia,
705 1402 788 1454 ut
821 1379 1138 1479 quaestio
1172 1382 1264 1453 de
1299 1378 1410 1454 his
1455 1380 1821 1466 habeatur,
1874 1377 2003 1478 qui
2038 1376 2365 1468 coierint,

388 1499 1022 1597 conjuraverintve,
1069 1525 1218 1599 quo
1253 1498 1575 1598 stuprum
1602 1496 2043 1598 flagitiumve
2080 1497 2365 1574 inferre-

388 1641 528 1694 tur.
629 1623 840 1696 Haec
884 1620 1162 1695 senatus
1203 1618 1538 1694 decrevit.
1640 1616 1983 1694 Consules
2016 1616 2365 1694 aedilibus

390 1738 763 1815 curulibus
785 1740 1246 1839 imperarunt,
1301 1760 1384 1813 ut
1411 1737 1799 1815 sacerdotes
1832 1739 1980 1835 ejus
2010 1738 2177 1813 sacri
2207 1765 2364 1815 om·

391 1885 515 1935 nes
543 1859 1066 1958 conquirerent,
1092 1857 1767 1959 comprehensosque
1794 1857 2019 1934 libero
2038 1857 2365 1934 conclavi

391 1981 484 2054 ad
531 1979 1018 2078 quaestionem
1075 1979 1418 2056 servarent
1440 2012 1464 2067 3
1516 1977 1777 2054 aediles
1822 1977 2049 2078 plebis
2102 1977 2368 2066 videre,

393 2125 486 2174 ne
530 2125 675 2198 qua
717 2099 900 2175 sacra
945 2100 1019 2174 in
1055 2123 1302 2198 operto
1337 2101 1607 2174 fierent.
1709 2097 2142 2174 Triumviris
2174 2098 2367 2198 capi-

395 2218 654 2294 talibus
704 2223 1121 2295 mandatum
1155 2220 1281 2307 est,
1331 2239 1416 2294 ut
1449 2218 1725 2318 vigilias
1759 2218 2211 2319 disponerent
2242 2243 2368 2316 per

395 2343 676 2428 urbem,
727 2339 1240 2439 servarentque,
1290 2367 1380 2414 ne
1425 2341 1556 2438 qui
1591 2338 1917 2414 noeturni
1955 2361 2199 2414 coetus
2245 2341 2367 2414 fie-

397 2481 596 2548 rent3
650 2481 878 2558 utque
916 2464 1006 2536 ab
1040 2459 1388 2534 incendiis
1421 2481 1804 2548 caveretur,
1862 2459 2217 2556 adjutores
2249 2459 2369 2534 tri-

395 2580 692 2656 umviris
732 2580 1191 2680 quinqueviri
1225 2580 1334 2656 uti
1374 2579 1478 2656 cis
1505 2580 1833 2684 Tiberim
1870 2578 2028 2654 suae
2067 2578 2369 2680 quisque

395 2699 704 2800 regionis
733 2701 1074 2776 aedificiis
1109 2703 1512 2798 praeeffent.

493 2821 660 2896 XV.
761 2824 886 2895 Ad
952 2823 1124 2895 haec
1183 2819 1417 2897 officia
1467 2819 1762 2897 dimiffis
1827 2821 2371 2921 magistratibus,

393 2939 716 3017 consules
759 2940 834 3014 in
864 2941 1121 3016 Rostra
1151 2939 1665 3030 escenderunt3
1717 2943 1820 3032 δι,
1864 2941 2212 3018 concione
2245 2943 2371 3019 ad·

395 3083 668 3150 vocata,
712 3087 942 3160 quum
977 3058 1311 3136 sollemne
1344 3087 1627 3136 carmen
1663 3061 2109 3161 precationis,
2168 3065 2371 3163 quod

395 3179 716 3282 praefari,
751 3179 1160 3280 priusquam
1188 3183 1542 3279 populum
1576 3184 2078 3280 adloquantur,
2114 3182 2371 3284 magis-

397 3323 616 3378 tratus
651 3300 894 3390 solent,
943 3301 1309 3402 peregisset
1342 3302 1612 3391 consul,
1644 3302 1743 3377 ita
1766 3303 2036 3403 coepit:
2074 3313 2124 3348 ‘⁴
2163 3303 2371 3379 Nulli

397 3432 453 3465 “
492 3447 838 3521 umquam
892 3421 1252 3510 concioni,
1319 3422 1664 3524 Qirites,
1719 3450 1865 3498 non
1919 3423 2145 3498 solum
2185 3446 2369 3523 apta,

398 3551 452 3584 ‘⁸
489 3539 608 3616 sed
671 3540 886 3616 etiam
953 3543 1347 3631 neceffaria,
1403 3546 1576 3620 haec
1624 3543 1978 3620 sollemnis
2045 3546 2371 3620 Deorum

399 3669 453 3710 “
490 3661 966 3760 comprecatio
1005 3661 1190 3751 fuit3
1242 3688 1424 3761 quae
1450 3689 1577 3738 vos
1606 3665 2045 3752 admoneret,
2080 3667 2211 3740 hos
2234 3666 2373 3739 effe

401 3791 454 3828 “
491 3782 712 3870 Deos,
749 3808 932 3881 quos
965 3785 1217 3870 colere,
1252 3783 1593 3872 venerari,
1629 3785 2041 3884 precarique
2078 3785 2371 3882 majores

397 3911 452 3950 “
493 3901 700 3977 vestri
731 3901 1208 3978 instituissent:
1249 3930 1392 3978 non
1421 3902 1604 3991 illos,
1629 3903 1757 4001 qui
1784 3902 2014 4003 pravis
2042 3903 2119 3978 &
2144 3925 2373 3980 exter-

401 4031 454 4065 “
493 4021 600 4096 nis
645 4023 1110 4122 religionibus
1157 4044 1392 4122 captas
1433 4045 1731 4114 mentes,
1766 4027 1964 4101 velut
1996 4024 2369 4100 furialibus

399 4151 452 4185 “
487 4141 816 4232 stimuliS,
849 4145 942 4219 ad
962 4169 1175 4218 omne
1205 4142 1424 4218 scelus
1459 4148 1525 4219 ac
1554 4146 1650 4218 ad
1678 4171 1967 4220 omnem
1991 4143 2369 4221 libidinem
