3100 5359
878 736 951 809 L
1003 759 1032 807 1
1092 760 1135 807 B
1191 759 1235 807 E.
1292 758 1339 808 R
1442 734 1834 811 XXXVII.
2197 754 2322 835 135

356 938 587 987 menes
622 936 917 1011 quoque
951 910 1208 985 eodem
1243 930 1564 1009 tempore
1611 912 1967 1011 profectus
2019 911 2120 986 est
2167 912 2320 985 Ro-

351 1058 562 1119 mam,
590 1056 743 1131 quo
764 1030 974 1131 legati
995 1029 1199 1129 regis.
1284 1032 1576 1107 Secutae
1600 1058 1718 1105 eos
1751 1030 1914 1107 sunt
1937 1030 2322 1131 legationes

356 1151 681 1227 omnium
716 1152 923 1225 Asiae
955 1153 1413 1248 populorum.

445 1272 723 1347 XLVI.
826 1272 1031 1345 Dum
1064 1272 1237 1345 haec
1272 1268 1349 1344 in
1384 1274 1549 1345 Afia
1581 1291 1948 1371 geruntur,
2005 1273 2154 1347 duo
2185 1270 2326 1346 fere

352 1388 477 1467 sub
508 1390 707 1464 idem
754 1411 1035 1489 tempus
1086 1416 1254 1465 cum
1300 1388 1651 1489 triumphi
1706 1390 1822 1491 spe
1870 1389 2322 1488 proconsules

350 1512 439 1587 de
493 1508 880 1610 provinciis
933 1513 1253 1586 Romam
1312 1510 1717 1603 redierunt3
1797 1517 1909 1612 Q
1944 1511 2326 1587 Minucius

349 1657 436 1706 ex
492 1629 918 1731 Liguribus,
980 1633 1121 1705 M’.
1153 1630 1432 1706 Acilius
1484 1658 1576 1705 ex
1622 1632 1928 1707 Aetolia.
2031 1633 2326 1709 Auditis

353 1750 723 1849 utriusque
773 1754 985 1826 rebus
1038 1749 1271 1850 gestis,
1328 1750 1672 1843 Minucio
1730 1772 2026 1851 negatus
2076 1754 2325 1830 trium-

344 1873 557 1969 phus,
614 1870 858 1947 Acilio
888 1897 1151 1971 magno
1184 1870 1517 1946 consensu
1552 1874 1923 1947 decretus:
1973 1872 2168 1974 isque
2204 1875 2323 1949 tri-

346 1992 701 2091 umphans
753 1992 845 2067 de
880 2018 1044 2091 rege
1078 1990 1447 2067 Antiocho
1482 1996 1549 2067 sc
1599 1993 1876 2067 Aetolis
1928 1997 2181 2068 urbem
2233 1994 2334 2068 est

348 2111 695 2187 invectus.
792 2113 1105 2187 Praelata
1148 2110 1309 2185 sunt
1342 2110 1417 2185 in
1450 2138 1536 2186 eo
1571 2111 1940 2211 triumpho
1971 2116 2158 2213 signa
2189 2114 2326 2189 mi-

346 2231 569 2308 litaria
594 2232 905 2308 ducenta
930 2229 1260 2331 triginta:
1316 2235 1383 2305 &
1411 2232 1682 2331 argenti
1715 2231 1960 2306 infeffi
1991 2232 2120 2308 tria
2163 2233 2320 2307 mil-

347 2354 443 2429 lia
470 2354 767 2454 pond03
827 2350 1073 2451 signati
1125 2353 1726 2427 tetradrachmflm
1774 2350 2106 2427 Atticum
2158 2379 2324 2428 cen-

347 2496 503 2549 tum
545 2470 893 2549 tredecim
928 2469 1182 2560 millia,
1242 2470 1732 2568 cistophorum
1785 2472 2096 2547 ducenta
2151 2500 2325 2574 qua-

352 2592 673 2693 draginta
704 2594 911 2667 ofi'to:
960 2591 1121 2666 vasa
1152 2612 1481 2691 argentea
1525 2591 1791 2667 caelata
1817 2593 2066 2683 multa,
2129 2620 2324 2696 mag-

348 2714 565 2815 nique
592 2711 951 2813 ponderis.
1051 2712 1263 2787 Tulit
1296 2716 1364 2786 &
1387 2710 1892 2810 supellectilem
1925 2715 2191 2815 regiam
2218 2742 2323 2791 ar-

348 2855 703 2935 genteam,
763 2858 847 2907 ac
878 2832 1145 2907 vestem
1179 2832 1683 2932 magnificam;
1731 2860 2024 2909 coronas
2056 2862 2322 2926 aureas,

348 2958 535 3031 dona
562 2952 913 3030 sociarum
952 2950 1380 3041 civitatium,
1427 2951 1898 3051 quadraginta
1942 2954 2266 3055 quinque
2296 2990 2322 3046 3

346 3075 559 3175 spolia
570 3073 809 3149 omnis
831 3072 1140 3173 generis:
1166 3072 1481 3171 captivos
1500 3072 1806 3163 nobileS,
1833 3078 2128 3151 Aetolos
2142 3082 2318 3153 &re-

346 3196 496 3297 gios
516 3197 759 3282 duces,
774 3193 1282 3293 sex&triginta
1292 3192 1527 3269 duxit.
1558 3194 2014 3282 Damocritus
2029 3200 2324 3273 Aetolo·
2369 3182 2378 3193 ’

346 3342 503 3391 rum
517 3318 671 3390 dux
686 3341 949 3414 paucos
962 3336 1119 3389 ante
1136 3312 1313 3400 dies,
1339 3339 1570 3413 quum
1587 3339 1626 3387 e
1639 3339 1913 3390 carcere
1929 3318 2134 3399 nocte
2148 3318 2326 3391 effu-

346 3436 569 3537 giffet‚
606 3435 682 3509 in
704 3436 855 3535 ripa
874 3434 1158 3512 Tiberis
1192 3431 1584 3509 consecutis
1617 3434 2060 3523 custodibus,
2101 3434 2324 3533 prius-

346 3584 561 3657 quam
572 3556 1315 3654 comprehenderetur,
1330 3552 1572 3653 gladio
1586 3550 1650 3628 se
1665 3554 2032 3629 transfixit.
2047 3556 2326 3631 Milites

342 3698 652 3765 tantum,
690 3674 818 3773 qui
849 3674 1305 3774 sequerentur
1329 3682 1646 3763 currum,
1675 3673 2100 3750 defuerunt:
2154 3676 2324 3751 alio-

344 3798 471 3897 qui
504 3797 933 3897 magnificus
966 3800 1035 3871 &·
1069 3794 1468 3894 speetaculo
1494 3799 1567 3870 δε
1596 3794 1784 3870 fama
1812 3821 2048 3871 rerum
2075 3794 2324 3872 trium-

340 3922 525 4017 phus
550 3916 715 3993 fuit.
816 3918 1070 4013 Hujus
1092 3913 1441 4015 triumphi
1478 3914 1744 3989 minuit
1770 3914 2105 3991 laetitiam
2144 3943 2326 3992 nun-

342 4040 491 4115 cius
524 4064 619 4113 ex
650 4035 1001 4136 Hispania
1032 4034 1267 4123 tristis,
1313 4033 1598 4111 adversa
1649 4062 1898 4136 pugna
1949 4034 2024 4109 in
2087 4038 2327 4113 Vaste-

340 4157 543 4250 tanis,
600 4159 829 4234 dutitu
869 4159 963 4233 L.
1022 4154 1322 4233 Aemilii
1354 4154 1825 4256 proconsuli5‚
1885 4158 2083 4256 apud
2118 4159 2358 4257 oppi-.

1256 4298 1409 4396 K5
