3100 5359
840 715 915 789 L
966 737 994 787 ι
1055 740 1098 788 Β
1156 737 1202 789 ε
1257 739 1305 790 ιι
1408 711 1777 790 XXXIX.
2152 731 2297 813 317

327 897 382 933 “
415 911 648 964 arcem
706 892 776 964 δε
827 888 1364 966 munimentum
1397 888 1549 978 fibi,
1595 885 1741 964 non
1774 884 2069 976 civitati,
2104 911 2300 984 para-

328 1017 384 1054 “
417 1029 695 1085 verunt.
797 1013 920 1100 Et,
971 1009 1026 1082 fi
1070 1011 1340 1086 exfistat
1373 1010 1591 1086 hodie
1622 1013 1715 1085 ab
1748 1007 1987 1084 inferis
2021 1009 2299 1106 Lycur·

328 1140 384 1175 “
419 1155 578 1231 gus,
610 1131 916 1231 gaudeat
941 1131 1166 1206 ruinis
1198 1155 1473 1220 eorum,
1509 1137 1579 1206 ὅτ
1613 1155 1809 1206 nunc
1828 1129 1895 1206 se
1914 1128 2211 1226 patriam
2232 1131 2303 1202 ὅτ

330 1260 384 1295 “
419 1254 736 1351 Spartam
793 1251 1163 1353 antiquam
1198 1251 1567 1352 agnoscere
1612 1249 1827 1326 dicat.
1926 1249 2103 1322 Non
2135 1245 2303 1322 Phi-

331 1381 388 1416 “
419 1373 917 1470 lopoemenem
969 1373 1391 1472 exspectare,
1451 1397 1585 1447 nec
1624 1373 1975 1458 AchaeoS,
2014 1367 2133 1444 sed
2177 1393 2304 1443 vos

333 1501 390 1536 ‘⁶
425 1490 577 1590 ipfi,
611 1494 1216 1582 Lacedaemonii,
1268 1493 1509 1568 vestris
1554 1491 1885 1567 manibus
1924 1486 2200 1563 amoliri
2236 1491 2302 1562 &

335 1621 389 1657 “
425 1611 704 1688 diruere
778 1614 1021 1689 omnia
1101 1611 1492 1712 tyrannidis
1571 1610 1865 1711 vestigia
1946 1606 2309 1684 debuistis,

336 1742 391 1776 “
429 1731 711 1808 Vestrae
745 1733 937 1810 enim
973 1735 1130 1808 illae
1157 1733 1508 1808 deformes
1535 1731 1755 1806 veluti
1785 1728 2143 1806 cicatrices
2168 1727 2311 1803 ser-

339 1860 394 1896 “
425 1851 672 1928 vitutis
699 1875 927 1929 erant:
986 1859 1081 1942 ac,
1111 1879 1343 1954 quum
1374 1857 1512 1927 fine
1533 1852 1756 1928 muris
1782 1875 1905 1949 per
1939 1849 2307 1950 octingen-

339 1983 394 2016 “
431 1993 538 2048 tos
594 1997 814 2073 prope
858 1999 1078 2048 annos
1112 1975 1342 2061 liberi,
1387 1974 1775 2071 aliquando
1802 1971 2013 2046 etiam
2048 1969 2311 2068 princi·

341 2105 397 2138 ‘⁸
432 2117 556 2193 pes
591 2093 926 2170 Graeciae
960 2095 1278 2183 fuissetis,
1314 2095 1563 2181 muris,
1584 2095 1780 2168 velut
1812 2091 2310 2189 compedibus,

341 2225 400 2260 ‘⁸
429 2213 886 2292 circumdatis
937 2216 1159 2292 vinffi
1212 2240 1339 2316 per
1389 2235 1679 2290 centum
1724 2239 1946 2288 annos
1998 2211 2313 2287 servistis·

341 2347 392 2382 “
429 2339 658 2438 Qod
709 2341 801 2412 ad
849 2341 1036 2437 leges
1100 2339 1414 2412 ademtas
1465 2335 1761 2422 adtinet,
1808 2357 1947 2433 ego
1990 2333 2315 2434 antiquas

349 2469 402 2502 “
437 2457 1028 2534 lacedaemoniis
1053 2459 1244 2557 leges
1269 2477 1600 2556 tyrannos
1624 2452 1951 2529 ademifl‘e
1979 2454 2313 2545 arbitron

347 2588 400 2623 ‘⁶
437 2603 568 2653 nos
619 2601 767 2654 non
813 2577 968 2652 suas
997 2577 1356 2664 ademisse,
1395 2601 1573 2675 quas
1608 2599 1749 2650 non
1778 2577 2159 2664 habeba-nt,
2192 2574 2315 2650 sed

351 2705 405 2743 “
439 2697 704 2773 nostras
732 2699 922 2798 leges
949 2697 1262 2786 dediffe3
1313 2721 1445 2771 nec
1479 2697 1662 2770 male
1696 2693 2113 2772 consuluiffe
2146 2695 2319 2772 civi·

349 2829 404 2864 ‘⁴
439 2817 592 2907 tati,
627 2843 860 2918 quum
885 2817 1180 2894 concilii
1215 2815 1428 2891 nostri
1463 2839 1619 2890 earn
1646 2811 2047 2904 fecerimus,
2089 2820 2159 2892 δτ
2193 2842 2321 2892 no·

353 2947 408 2984 ‘⁴
439 2937 554 3014 bis
597 2936 1114 3026 miscuerimus,
1167 2957 1251 3012 ut
1277 2961 1536 3036 corpus
1564 2961 1799 3010 unum
1824 2937 1899 3008 δι
1928 2935 2321 3012 concilium

351 3068 407 3104 ‘⁴
445 3056 660 3134 totius
708 3059 1170 3156 Peloponnesi
1225 3060 1416 3132 effet.
1516 3059 1760 3145 Tunc,
1808 3077 1891 3130 ut
1936 3056 2218 3154 opinor,
2274 3061 2325 3131 fi

353 3187 409 3224 ‘⁸
441 3175 600 3253 aliis
628 3177 756 3276 ipfi
787 3176 1068 3276 legibus
1091 3175 1515 3265 viveremus,
1549 3175 1717 3251 alias
1746 3175 1889 3250 istis
1918 3175 2323 3272 injunxifl'e·

359 3309 412 3342 ‘⁸
449 3321 640 3388 mus,
673 3297 906 3398 queri,
941 3297 1008 3372 se
1036 3296 1288 3396 iniquo
1301 3297 1467 3394 jure
1499 3299 1660 3384 effe,
1690 3295 2135 3398 &indignari
2167 3296 2323 3396 pos·

356 3428 412 3464 “
447 3413 618 3494 sent.
717 3418 884 3494 Scio
933 3444 1095 3519 ego,
1149 3423 1297 3518 Ap.
1339 3415 1629 3506 Claudi,
1676 3419 1860 3492 hanc
1904 3417 2324 3507 orationem,

357 3547 414 3584 ‘⁸
447 3559 594 3637 qua
641 3536 800 3613 sum
851 3539 1088 3614 adhuc
1125 3535 1319 3628 usus,
1348 3561 1583 3637 neque
1618 3537 1967 3613 sociorum
1999 3539 2195 3636 apud
2222 3537 2329 3614 so-

361 3667 416 3704 “
451 3656 627 3748 cios,
655 3681 890 3757 neque
915 3658 1172 3734 liberae
1193 3657 1424 3759 gentis
1441 3659 1609 3733 eflb:
1640 3657 1757 3733 {ed
1786 3657 2327 3746 vereservorum

359 3787 418 3824 “
451 3777 996 3879 disceptantium
1028 3781 1224 3878 apud
1247 3779 1604 3854 dominos.
1703 3781 1927 3870 Nam,
1962 3781 2009 3852 fi
2030 3804 2177 3854 non
2208 3805 2327 3854 va-

361 3909 417 3945 “
451 3923 545 3974 na
583 3899 725 4000 illaj
751 3923 896 3974 vox
939 3899 1304 3999 praeconis
1335 3899 1500 3989 fuit,
1549 3925 1697 3998 qua
1726 3899 1983 3974 liberos
2014 3901 2147 3973 effe
2172 3923 2327 3974 om-

361 4028 418 4065 “
455 4019 660 4095 nium
711 4020 980 4119 primos
1028 4021 1353 4095 Achaeos
1369 4019 1678 4116 juffistis,
1734 4022 1783 4094 fi
1812 4018 2065 4096 foedus
2096 4039 2329 4095 ratum

363 4149 420 4186 ‘⁸
455 4139 582 4230 est,
629 4143 677 4216 fi
731 4138 1018 4216 societas
1063 4144 1132 4216 ὃς
1179 4138 1492 4216 amicitia
1515 4161 1609 4216 ex
1642 4165 1877 4239 aequo
1902 4138 2327 4230 observatur,
