3100 5359
719 703 760 777 8
1371 696 2007 771 T.L1vir

719 884 768 921 “
803 872 1192 949 venirent.”
1309 870 1464 972 Ipse
1527 892 1691 947 ante
1756 871 1955 947 diem
2026 869 2370 970 quintum
2436 871 2689 943 Nonas

721 996 952 1092 Majas
1005 994 1382 1091 paludatus
1424 996 1603 1067 urbe
1652 994 1955 1091 egi-effus
1994 990 2120 1065 est.
2222 993 2359 1065 Per
2402 986 2691 1063 eosdem

723 1114 876 1191 dies
909 1119 978 1189 ὅτ
1013 1133 1360 1212 praetores
1393 1112 1468 1187 in
1501 1112 1899 1211 provincias
1932 1109 2229 1211 profecti
2264 1108 2447 1184 sunt.

821 1238 952 1309 IV.
1049 1235 1202 1309 Sub
1235 1233 1432 1309 idem
1465 1254 1749 1333 tempus
1790 1232 2003 1333 legati
2046 1235 2141 1307 ab
2188 1232 2477 1307 duobus
2510 1228 2691 1329 regi-

725 1360 887 1443 bus»,
940 1353 1279 1453 Philippo
1307 1354 1783 1429 Macedoniae
1810 1358 1879 1429 ac
1908 1354 2317 1428 Ptolemaeo
2350 1348 2693 1450 Aegypti,

727 1480 1048 1551 Romam
1099 1496 1472 1563 venerunt,
1525 1473 1941 1573 pollicentes
1972 1474 2064 1547 ad
2100 1474 2371 1548 bellum
2405 1470 2695 1560 auxilia,

727 1600 804 1672 &
837 1594 1244 1696 pecuniam,
1297 1601 1366 1671 δι
1402 1595 1869 1669 frumentum.
1970 1597 2097 1669 Ab
2126 1594 2534 1669 Ptolemaeo
2566 1591 2695 1667 eti·

727 1744 846 1794 arn
883 1717 1078 1791 mille
1107 1718 1351 1815 pondo
1381 1715 1563 1803 auri,
1616 1714 1873 1815 viginti
1902 1714 2127 1789 millia
2158 1714 2403 1813 pondo
2426 1710 2695 1813 argenti

733 1840 984 1914 adlata.
1097 1835 1306 1912 Nihil
1361 1836 1510 1931 ejus
1562 1858 1959 1933 acceptum.
2076 1834 2359 1911 Gratiae
2416 1832 2700 1934 regibus

733 1961 948 2033 aecae.
1051 1958 1172 2043 Et,
1209 1982 1440 2055 quum
1469 1976 1771 2055 uterque
1806 1954 1873 2030 se
1906 1980 2079 2031 cum
2108 1955 2447 2031 omnibus
2478 1952 2703 2053 copiis

733 2078 812 2153 in
865 2076 1224 2153 Aetoliam
1299 2098 1711 2165 venturum,
1792 2078 2125 2175 belloque
2194 2073 2703 2150 interfuturum

677 2270 682 2277 .
734 2198 1212 2297 polliceretur,
1293 2198 1700 2271 Ptolemaeo
1760 2195 1837 2271 id
1904 2196 2307 2271 remiss‘um:
2388 2191 2703 2293 Philippi

737 2318 983 2419 legatis
1013 2314 1444 2415 responsum,
1479 2338 1761 2416 gratum
1792 2342 1959 2391 eum
1994 2315 2263 2391 senatui
2294 2316 2703 2415 populoque

737 2442 1076 2514 Romano
1121 2434 1501 2524 facturum,
1556 2440 1601 2509 fi
1640 2439 1776 2511 Μ’.
1817 2436 2056 2510 Acilio
2090 2435 2359 2511 consuli
2398 2460 2541 2509 non
2574 2437 2697 2509 de·-

739 2557 996 2633 fuifl'et.
1095 2559 1278 2631 Item
1327 2560 1418 2631 ab
1471 2556 2169 2655 Karthaginienfibus
2224 2561 2293 2629 ac
2354 2552 2711 2629 Mafiniffa

737 2704 904 2777 rege
937 2676 1146 2777 legati
1177 2698 1544 2751 venerunt.
1646 2676 2256 2774 Karthaginienses
2302 2674 2519 2751 tritici
2554 2700 2707 2749 mo·

743 2798 948 2872 dium
973 2798 1196 2884 mille,
1231 2795 1480 2869 hordei
1507 2794 1901 2895 quingenta
1920 2794 2143 2869 millia
2166 2797 2259 2871 ad
2286 2793 2708 2884 exercitum,

743 2916 1138 2992 dimidium
1165 2916 1313 3011 ejus
1341 2918 1656 2989 Romam
1678 2918 2165 3014 adportaturos
2192 2914 2489 3014 polliciti
2516 2914 2707 2989 sunt:

745 3036 826 3112 id
871 3058 952 3111 ut
999 3039 1090 3111 ab
1123 3035 1191 3109 se
1227 3062 1488 3109 munus
1523 3037 1839 3111 Romani
1874 3037 2299 3136 acciperent,
2352 3059 2589 3137 petere
2624 3037 2711 3112 se.

747 3162 848 3233 Et
899 3160 1178 3232 claffem
1232 3154 1518 3231 suorum
1566 3154 1692 3231 suo
1746 3157 1979 3232 sumtu
2024 3180 2590 3257 comparaturos:
2645 3163 2714 3231 ac

747 3276 1214 3375 stipendium,
1267 3277 1466 3373 quod
1507 3277 1830 3374 pluribus
1864 3276 2313 3377 penfionibus
2342 3280 2417 3353 in
2454 3282 2717 3353 multos

747 3424 971 3473 annos
1005 3399 1369 3482 deberent,
1405 3393 1723 3492 praesens
1746 3424 1959 3471 omne
1986 3402 2295 3474 daturos.
2396 3398 2717 3475 Mafinis-

749 3518 857 3593 sae
885 3515 1095 3615 legati
1123 3515 1518 3613 quingenta
1547 3514 1769 3589 millia
1802 3518 2132 3595 modium
2164 3518 2412 3608 tritici,
2450 3543 2717 3595 trecen-

751 3661 823 3714 ta
873 3636 1120 3711 hordei
1173 3637 1266 3710 ad
1317 3634 1711 3710 exercitum
1778 3636 1853 3711 in
1910 3638 2327 3727 Graeciam3
2400 3644 2716 3716 Romam

753 3778 1066 3835 trecenta
1097 3755 1322 3831 millia
1353 3756 1684 3832 modium
1734 3756 1975 3845 tritici,
2028 3760 2339 3833 ducenta
2364 3760 2721 3859 quinqua-

749 3878 954 3980 ginta
1003 3876 1251 3951 hordei
1276 3910 1299 3965 3
1347 3876 1619 3975 equites
1666 3876 2123 3977 quingentos,
2176 3883 2581 3978 elephantos
2612 3868 2719 3955 viss

755 3981 939 4100 ginti
973 4024 1212 4100 regem
1251 4000 1344 4072 ad
1385 4000 1525 4072 Μ’.
1559 3996 1883 4071 Acilium
1918 3998 2279 4075 consulem
2322 4002 2717 4077 miffurum.

762 4124 876 4197 De
921 4120 1281 4197 fmmento
1319 4116 1637 4217 utrisque
1683 4116 2119 4218 responsum,
2170 4118 2269 4196 ita
2303 4122 2601 4199 usurum
2634 4148 2723 4199 eo
