3100 5359
871 723 944 798 L
994 744 1024 796 ι
1083 744 1124 797 13
1182 746 1228 795 n
1280 744 1328 795 R
1429 715 1792 795 XXXIX.
2168 744 2311 818 3¹9

326 905 396 941 “
433 892 813 984 Achaeis‚”
881 892 1092 983 dixit,
1155 905 1205 939 ‘⁸
1237 914 1346 983 ut,
1408 896 1589 969 dum
1646 893 1887 967 liceret
1950 891 2311 966 voluntate

330 1026 398 1059 ‘⁴
433 1015 556 1090 sua
588 1014 840 1105 facere,
875 1014 1171 1113 gratiam
1205 1013 1490 1102 inirent,
1539 1040 1629 1087 ne
1658 1038 1833 1087 mox
1859 1009 2065 1085 inviti
2098 1016 2167 1087 &
2194 1038 2315 1086 coa

334 1146 401 1179 “
430 1136 568 1211 affl
621 1134 994 1211 facerent.''
1093 1136 1301 1209 Haec
1348 1158 1490 1207 vox
1521 1131 1766 1207 audita
1798 1129 2098 1229 quidem
2146 1157 2316 1205 curn

333 1253 678 1329 omnium
731 1254 1004 1353 gemitu
1057 1252 1184 1342 est,
1237 1252 1354 1328 sed
1403 1273 1680 1327 metum
1712 1251 1949 1348 injecit
1982 1252 2319 1350 imperata

336 1373 742 1449 recusandi.
853 1375 941 1448 Id
1007 1375 1228 1447 modo
1287 1371 1668 1471 petierunt,
1737 1383 1787 1415 “
1824 1392 1907 1445 ut
1973 1371 2317 1459 Romani,

343 1503 404 1535 “
444 1519 628 1589 quae
670 1494 1107 1582 viderentur,
1159 1493 1251 1568 de
1303 1491 1892 1567 Lacedaemoniis
1938 1512 2317 1579 mutarent,

350 1624 409 1657 “
447 1640 579 1687 nec
644 1614 970 1688 Achaeos
1016 1611 1356 1712 religione
1396 1610 1907 1715 obstringerent
1960 1611 2149 1686 irrita
2213 1638 2319 1701 ea,

348 1743 406 1776 “
444 1758 628 1829 quae
665 1733 1124 1829 jurejurando
1177 1731 1573 1819 sanxissent,
1622 1731 1997 1806 faciendi.'’
2097 1736 2319 1807 Dam-

259 1918 264 1922 4
351 1851 547 1925 natio
582 1873 860 1927 tanturn
896 1852 1067 1927 Arei
1097 1851 1170 1925 δι
1208 1851 1635 1939 Alcibiadis,
1672 1877 1854 1950 quae
1886 1876 2113 1949 nuper
2144 1850 2325 1926 fa&a

349 1994 524 2061 erat,
559 1971 823 2047 sublata
847 1971 966 2046 est.
1135 2031 1142 2041 .

453 2092 882 2168 XXXVIII.
981 2094 1260 2165 Romae
1306 2091 1658 2190 principio
1690 2092 1839 2188 ejus
1868 2090 2061 2178 anni,
2094 2117 2324 2189 quum

357 2214 450 2287 de
505 2210 890 2311 provinciis
925 2210 1295 2285 consulum
1327 2215 1393 2284 &
1425 2233 1827 2310 praetorum
1853 2215 2093 2286 actum
2127 2212 2323 2299 effer,

359 2330 770 2407 consulibus
833 2330 1168 2430 LigureS,
1217 2330 1387 2429 quia
1435 2333 1705 2405 bellum
1758 2330 2110 2428 nusquam
2153 2333 2323 2407 alibi

358 2472 530 2541 erat,
569 2450 859 2527 decreti.
961 2454 1342 2539 Praetores,
1379 2453 1464 2525 C.
1503 2450 1881 2525 Decimius
1916 2452 2175 2527 Flavus
2208 2479 2325 2527 ur-

357 2576 646 2662 banam,
674 2575 760 2648 P.
794 2569 1168 2647 Cornelius
1201 2573 1561 2670 Cethegus
1594 2571 1775 2645 inter
1808 2570 1995 2645 cives
2030 2576 2098 2647 &
2132 2599 2327 2671 pere-

359 2693 602 2793 grinos
639 2689 859 2767 sortiti
913 2690 1119 2777 sunt3
1171 2692 1256 2765 C.
1285 2690 1741 2789 Sempronius
1795 2689 2072 2766 Blaesus
2100 2691 2328 2769 Sicili-

361 2840 508 2901 am,
560 2810 1010 2913 QNaevius
1039 2812 1299 2885 Matho
1325 2810 1746 2897 Sardiniam,
1793 2815 1861 2886 ὅτ
1894 2832 1975 2886 ut
2009 2811 2201 2887 idem
2238 2815 2329 2889 de

365 2929 736 3007 veneficiis
762 2950 1149 3031 quaereret,
1187 2934 1282 3004 A.
1316 2928 1697 3004 Terentius
1737 2934 1955 3005 Varro
1989 2931 2329 3029 Hispani-

364 3078 481 3129 am
513 3051 942 3140 citeriorem,
976 3054 1060 3125 P.
1086 3049 1542 3147 Sempronius
1576 3054 1879 3149 Longus
1908 3050 2331 3149 Hispaniam

363 3169 796 3247 ulteriorem.
898 3172 1012 3245 De
1047 3168 1132 3244 iis
1152 3170 1432 3245 duabus
1452 3170 1834 3267 provinciis
1866 3170 2077 3269 legati
2111 3198 2234 3270 per
2252 3172 2331 3247 id

368 3291 509 3367 fere
563 3312 874 3390 tempus,
928 3293 1022 3364 L.
1048 3288 1428 3385 Juventius
1457 3292 1738 3363 Thalna
1768 3293 1837 3363 ὅτ
1868 3293 1963 3363 Τ.
1997 3290 2330 3394 Qincli-

366 3413 502 3488 lius
530 3415 784 3500 VaruS,
817 3429 1182 3485 venerunt.
1279 3408 1460 3509 Qi,
1493 3430 1845 3507 quantum
1877 3411 2149 3487 bellum
2182 3413 2334 3508 jam

367 3530 826 3631 profligatum
849 3529 926 3604 in
945 3528 1295 3629 Hispania
1312 3530 1504 3617 effet,
1529 3528 1764 3604 senatu
1788 3531 2069 3619 edocto,
2096 3532 2335 3629 postu-

369 3654 606 3727 larunt
638 3650 866 3738 fimul,
899 3671 982 3723 ut
1005 3674 1134 3746 pro
1169 3650 1375 3723 rebus
1409 3670 1554 3723 tarn
1581 3648 1900 3749 prospere
1934 3651 2141 3750 gestis
2172 3652 2334 3728 Diis

370 3770 862 3847 inmortalibus
917 3770 1288 3843 haberetur
1338 3770 1592 3858 honos,
1646 3773 1717 3843 &
1768 3790 1853 3843 ut
1904 3773 2337 3869 praetoribus
2399 3820 2407 3830 -

372 3889 765 3967 exercitum
829 3890 1195 3987 deportare
1253 3888 1515 3964 liceret.
1614 3889 2049 3988 Supplicatio
2094 3892 2171 3966 in
2224 3893 2335 3968 bi-

375 4012 608 4087 duum
668 4011 947 4085 decreta
996 4008 1116 4083 est.
1219 4010 1336 4084 De
1399 4008 1805 4109 legionibus
1857 4012 2331 4110 deportandis,

375 4156 606 4231 quum
642 4132 733 4206 de
759 4128 1130 4207 consulum
1151 4150 1695 4229 praetorumque
1723 4129 2147 4207 exercitibus
2173 4158 2333 4231 age-
