3100 5359
837 724 913 799 L
964 750 993 797 1
1050 749 1091 798 B
1148 749 1194 798 Ε
1249 749 1297 797 a
1398 725 1756 798 XXXVI.
2197 749 2324 824 59·

325 897 819 998 “judicatum
840 900 933 974 ad
959 898 1449 998 accipiendam
1484 903 1799 973 Matrem
1834 899 2118 972 Idaeam
2151 899 2285 973 rni-

326 1029 381 1066 “
417 1022 593 1096 fiffet
624 1018 923 1096 senatus·
1023 1022 1198 1094 Hoc
1251 1019 1487 1107 titulo,
1539 1022 1656 1092 etfi
1707 1045 1840 1093 nec
1888 1017 2286 1093 consulatus

324 1151 377 1186 “
414 1167 549 1215 nec
584 1138 993 1237 triumphus
1024 1138 1375 1234 adjicitur,
1410 1136 1568 1212 satis
1595 1137 1959 1212 honestam
1991 1140 2290 1214 honora-

325 1271 379 1305 “
418 1281 711 1358 tamque
769 1262 853 1333 P.
898 1257 1251 1356 Scipionis
1285 1259 1574 1333 Naficae
1629 1256 2014 1356 imaginem
2073 1257 2290 1334 fore.'’

324 1379 723 1456 Universus
742 1378 1015 1454 senatus
1040 1404 1187 1452 non
1220 1376 1363 1476 ipse
1392 1379 1616 1453 modo
1639 1379 1732 1452 ad
1758 1379 2289 1454 decernendum

324 1500 778 1599 triumphum
834 1496 1195 1584 consenfit,
1248 1499 1367 1570 sed
1412 1498 1624 1572 etiam
1660 1499 2030 1573 tribunum
2064 1498 2290 1596 plebis

322 1619 741 1696 audierimte
774 1618 891 1694 sua
923 1617 1275 1715 compulit
1308 1619 1398 1692 ad
1434 1618 1928 1693 remittendam
1970 1617 2290 1693 interces-

324 1743 619 1814 fionern.
716 1743 799 1814 P.
842 1737 1211 1814 Cornelius
1257 1737 1501 1812 consul
1536 1736 1998 1837 triumphavit
2031 1740 2121 1813 de
2157 1741 2289 1812 Bo-

312 1859 433 1956 jis.
532 1861 620 1933 In
654 1884 741 1932 eo
773 1858 1141 1955 triumpho
1163 1857 1455 1932 Gallicis
1483 1859 1826 1956 carpentis
1851 1885 2042 1934 arma
2072 1861 2290 1956 ligna-

328 2005 475 2080 que
532 1985 603 2053 &
665 1977 881 2077 spolia
939 1977 1172 2052 omnis
1233 1977 1507 2076 generis
1560 1977 1960 2067 transvexit,
2013 1979 2088 2050 δε
2139 1977 2294 2053 vasa

326 2125 547 2174 aenea
574 2097 883 2173 Gallica:
922 2102 989 2171 ὅτ
1025 2123 1195 2173 cum
1224 2098 1518 2195 captivis
1545 2097 1908 2172 nobilibus
1943 2124 2294 2196 equorum

327 2243 629 2317 quoque
662 2239 1029 2315 captorum
1062 2243 1349 2316 gregem
1397 2216 1732 2292 traduxit.
1834 2222 2110 2292 Aureos
2155 2239 2293 2292 tor-

328 2363 509 2437 ques
571 2336 923 2412 transtulit
981 2337 1177 2410 mille
1244 2337 1801 2436 quadringentos
1862 2336 2296 2438 septuaginta

328 2483 591 2532 unum.
692 2459 815 2532 Ad
855 2459 993 2532 hoc
1025 2457 1176 2531 auri
1210 2459 1455 2556 pondo
1489 2458 1802 2532 ducenta
1833 2458 2300 2558 quadraginta

328 2576 627 2676 septem,
678 2577 947 2678 argenti
992 2569 1235 2651 infecti
1287 2575 1600 2675 factique
1645 2576 1720 2650 in
1769 2578 2060 2653 Gallicis
2099 2581 2294 2668 vafis,

330 2723 481 2772 non
510 2697 783 2772 infabre
835 2697 962 2772 suo
1014 2723 1212 2772 more
1264 2695 1489 2785 factis,
1540 2697 1690 2771 duo
1741 2697 1964 2772 millia
1991 2718 2298 2774 trecenta

330 2816 807 2917 quadraginta
854 2818 1127 2915 pond0,
1188 2815 1594 2916 bigatorum
1638 2839 2102 2892 nummorum
2162 2820 2298 2893 du-

330 2959 543 3013 centa
600 2935 893 3036 triginta
947 2957 1277 3036 quatuor.
1379 2937 1773 3026 Militibus,
1835 2937 1964 3038 qui
2011 2963 2298 3014 currum

334 3055 561 3132 secuti
589 3054 776 3145 sunt,
828 3078 1143 3132 trecenos
1174 3056 1462 3131 vicenos
1495 3057 1756 3157 quinos
1798 3060 1964 3132 affes
2013 3057 2294 3146 divifit5

334 3178 611 3276 duplex
636 3175 1071 3264 centurioni3
1100 3176 1355 3275 triplex
1375 3177 1625 3277 equiti.
1658 3177 1943 3252 Postero
1963 3178 2107 3267 die,
2130 3204 2300 3254 con-

338 3297 547 3373 cione
577 3297 945 3384 advocata,
980 3297 1072 3371 de
1100 3301 1307 3374 rebus
1333 3300 1424 3372 ab
1456 3296 1523 3372 se
1550 3297 1786 3398 gestis,
1821 3301 1889 3372 ὅτ
1925 3300 2014 3373 de
2051 3298 2303 3396 injuria

338 3416 608 3494 tribuni
645 3417 833 3492 bello
858 3415 1087 3491 alieno
1115 3415 1181 3491 se
1210 3417 1592 3518 inligantiS,
1642 3439 1728 3493 ut
1763 3416 1920 3492 suae
1969 3417 2300 3496 victoriae

340 3537 576 3613 fructu
639 3535 705 3611 se
758 3536 1225 3626 defraudaret,
1277 3563 1507 3637 quum
1559 3537 1992 3626 differuiffet,
2043 3538 2302 3614 milites

341 3659 825 3734 exauctoratos
852 3656 1133 3731 dimifit.

430 3777 645 3853 XLI.
746 3779 951 3851 Dum
1003 3777 1177 3852 haec
1229 3775 1305 3851 in
1358 3777 1557 3852 Italia
1613 3799 1980 3877 geruntur,
2045 3781 2298 3855 Antio-

344 3901 519 3974 chus
555 3898 815 3995 Ephesi
862 3895 1143 3971 securus
1186 3897 1584 3971 admodum
1618 3899 1708 3972 de
1744 3900 1932 3975 bello
1967 3900 2304 3974 Romano

346 4039 507 4106 erat,
562 4037 931 4116 tamquam
958 4041 1107 4090 non
1140 4016 1570 4091 tranfituris
1550 4043 1627 4090 1n
1661 4020 1896 4094 Afiam
1930 4021 2302 4096 Romanis.

350 4143 585 4241 Qam
610 4135 1073 4215 securitatem
1126 4133 1193 4211 ei
1248 4161 1504 4236 magna
1548 4163 1704 4237 pars
1755 4138 2148 4218 amicorum
2182 4162 2304 4216 aut
