3100 5359
801 736 936 811 150
1436 714 2062 788 T.L1v11

794 898 845 933 “
882 888 1184 961 arduum
1206 885 1369 974 fuit,
1412 888 1644 962 nescio
1673 916 1760 962 an
1795 888 1972 962 tueri
2001 886 2354 962 difficilius
2380 889 2479 960 fit.
2547 889 2736 961 Gen-

796 1018 845 1051 “
879 1007 967 1081 tis
990 1006 1471 1081 vetustissimae
1497 1008 2126 1105 nobiliffimaeque,
2159 1008 2272 1080 vel
2304 1005 2490 1081 fama
2509 1031 2738 1083 rerum

794 1138 845 1171 “
882 1128 1253 1225 gestarum,
1288 1130 1399 1200 vel
1420 1126 1616 1201 omni
1647 1110 2262 1201 commendatione
2289 1125 2738 1199 humanitatis

790 1258 841 1291 “
878 1246 1521 1346 doctrinarumque,
1575 1248 1913 1322 tuendam
1963 1250 2052 1322 ab
2097 1245 2372 1319 servitio
2424 1244 2740 1345 regioli-

794 1378 845 1410 “
882 1370 1219 1441 bertatem
1242 1364 1648 1463 suscepistis,
1723 1368 1893 1441 Hoc
1923 1365 2393 1463 patrocinium
2421 1386 2740 1463 receptae

794 1496 845 1529 ‘⁶
882 1484 953 1558 in
986 1487 1201 1559 fidem
1237 1486 1414 1559 &in
1448 1487 1843 1559 clientelam
1865 1486 2159 1559 vestram
2193 1484 2550 1559 universae
2573 1510 2740 1582 gen·

700 1654 707 1659 -
792 1616 841 1648 “
880 1604 967 1677 tis
999 1626 1419 1703 perpetuum
1451 1632 1574 1679 vos
1608 1606 1942 1702 praestare
1975 1606 2202 1679 decet.
2301 1608 2500 1691 Non,
2557 1630 2740 1701 quae

790 1736 839 1769 ‘⁴
878 1724 950 1797 in
979 1724 1121 1798 solo
1148 1727 1368 1798 modo
1395 1724 1692 1822 antiquo
1729 1724 1910 1811 sunt,
1935 1728 2256 1798 Graecae
2283 1724 2503 1823 magis
2531 1728 2743 1814 urbes

792 1856 842 1887 ‘⁶
878 1844 1064 1932 sunt,
1121 1870 1335 1941 quarn
1400 1844 1716 1918 coloniae
1777 1870 2047 1931 earum,
2118 1842 2312 1917 illinc
2371 1846 2744 1943 quondam

788 1974 839 2011 ‘⁸
872 1962 1216 2063 profectae
1252 1962 1325 2035 in
1362 1966 1621 2037 Afiam.
1722 1966 1881 2037 Nec
1919 1986 2093 2037 terra
2118 1983 2384 2036 mutata
2435 1964 2742 2038 mutavit

788 2092 838 2126 ‘⁸
874 2108 1097 2181 genus
1128 2105 1251 2158 aut
1286 2110 1533 2157 mores.
1633 2086 1910 2157 Cei-tare
1944 2082 2064 2181 pio
2098 2082 2482 2157 certamine
2509 2082 2742 2180 cujus·

786 2211 836 2245 “
872 2202 1047 2276 libet
1081 2206 1305 2277 bonae
1340 2202 1501 2276 artis
1535 2228 1616 2276 ac
1650 2201 1924 2276 virtutis
1955 2206 2092 2277 ausi
2127 2201 2368 2275 sumus
2401 2227 2570 2276 cum
2618 2230 2740 2301 pa-

784 2333 834 2366 “
871 2322 1191 2396 rentibus
1252 2348 1580 2420 quaeque
1621 2319 1865 2396 civitas
1918 2326 1986 2395 &
2049 2320 2538 2395 conditoribus
2575 2320 2740 2423 suis·

784 2451 835 2484 “
876 2440 1145 2515 Adistis
1200 2440 1566 2528 Graeciae,
1627 2440 1862 2514 adistis
1900 2443 2100 2515 Asiae
2143 2443 2350 2514 urbes
2393 2440 2736 2537 plerique.

784 2570 834 2603 “
872 2560 1023 2634 Nifi
1055 2560 1254 2657 quod
1289 2560 1571 2658 longius
1601 2586 1641 2632 a
1673 2559 1873 2634 vobis
1925 2558 2283 2646 absumus,
2337 2560 2530 2635 nulla
2579 2561 2737 2635 vin-

782 2690 830 2722 “
868 2678 1106 2752 cimur
1128 2677 1259 2751 alia
1286 2704 1377 2751 re.
1442 2677 1923 2767 Maffilienses‚
1952 2704 2155 2775 quos,
2191 2682 2234 2752 fi
2270 2700 2518 2753 natura
2541 2678 2740 2755 infita

780 2807 830 2841 “
866 2800 1060 2871 velut
1080 2796 1366 2897 ingenio
1390 2818 1604 2872 terrae
1623 2796 1815 2873 vinci
1839 2801 2082 2896 pofl‘et,
2100 2799 2248 2894 jam
2270 2798 2546 2895 pridem
2569 2801 2734 2874 effe-

779 2927 831 2960 “
868 2920 1112 2992 rassent
1126 2939 1227 2991 tot
1242 2916 1626 2991 indomitae
1647 2916 2105 2991 circumfusae
2127 2939 2394 3017 gentes,
2413 2918 2487 2992 in
2507 2946 2592 2994 eo
2605 2922 2732 2993 ho·

778 3046 829 3081 “
862 3062 1055 3125 nore,
1078 3036 1147 3110 in
1165 3064 1244 3111 ea
1263 3036 1513 3111 merito
1530 3036 1874 3137 dignitate
1893 3038 2222 3113 audimus
2235 3040 2427 3136 apud
2437 3064 2562 3111 vos
2573 3042 2732 3126 effe,

782 3168 831 3201 “
866 3184 946 3233 ac
994 3163 1037 3232 fi
1078 3156 1399 3231 medium
1458 3156 1890 3231 umbilicum
1949 3157 2283 3232 Graeciae
2326 3156 2729 3233 incolerent.

781 3288 830 3320 “
868 3281 1041 3352 Non
1061 3278 1253 3353 enim
1276 3275 1527 3350 sonum
1550 3278 1770 3351 modo
1814 3276 2099 3376 linguae
2137 3277 2614 3376 vestitumque
2659 3283 2727 3352 δε

782 3408 831 3441 “
868 3397 1225 3485 habitum,
1254 3395 1368 3470 sed
1391 3417 1549 3471 ante
1572 3395 1811 3470 omnia
1831 3422 2086 3486 mores,
2107 3400 2182 3485 &
2203 3400 2414 3499 leges,
2437 3399 2512 3471 &
2535 3397 2728 3499 inge-

780 3528 829 3561 “
870 3516 1071 3591 nium
1115 3522 1459 3591 fincerum
1508 3515 2008 3614 integrumque
2061 3544 2100 3590 a
2133 3518 2554 3617 contagione
2605 3518 2728 3591 ad-

780 3648 831 3680 “
866 3638 1207 3722 colatum,
1255 3635 1632 3711 servarunt.
1733 3635 2117 3710 Terminus
2145 3636 2244 3710 est
2278 3661 2469 3711 nunc
2506 3636 2728 3735 impe-

779 3764 829 3798 “
863 3754 946 3829 rii
999 3754 1199 3829 vestri
1245 3780 1449 3829 mons
1493 3758 1802 3829 Taurus.
1905 3754 2292 3857 Quidquid
2331 3756 2512 3830 intra
2555 3780 2726 3829 eum

779 3886 829 3920 “
866 3873 1223 3949 cardinem
1244 3874 1367 3961 est,
1405 3873 1583 3948 nihil
1605 3873 2085 3975 longinquum
2117 3875 2317 3951 vobis
2350 3875 2574 3950 videri
2601 3878 2725 3951 de-

779 4005 830 4039 “
868 3998 1007 4069 bet.
1110 4000 1281 4097 Qo
1334 4016 1525 4070 arma
1557 3994 1777 4071 vestra
1809 4018 2300 4093 pervenerunt,
2333 3999 2588 4071 eodem
2609 3998 2728 4094 jus

776 4127 827 4159 “
864 4114 1031 4189 hinc
1097 4112 1493 4212 profectum
1559 4116 1950 4215 perveniat.
2081 4115 2386 4205 Barbari,
2459 4118 2725 4216 quibus
