3100 5359
801 710 944 809 33⁶
1479 706 2105 783 T.L1v11

799 905 946 1001 ejus
981 900 1057 976 in
1097 900 1458 1009 civitatem
1507 901 1953 992 meritorum,
2004 904 2467 1003 parcendum,
2518 930 2605 983 ac
2638 932 2795 1005 per·

797 1049 967 1099 eum
1020 1022 1332 1098 remedia
1381 1023 1788 1120 quaerenda
1834 1027 1970 1098 effe
2016 1024 2485 1124 praesentium
2534 1030 2761 1102 malo·

793 1170 979 1231 rum,
1031 1143 1444 1219 censebant:
1497 1140 1917 1219 defectionis
1946 1148 2288 1235 audioreS,
2340 1172 2660 1246 quorum
2690 1148 2765 1223 in

796 1290 1015 1345 manu
1077 1262 1472 1361 respublica
1539 1285 1712 1354 erat,
1786 1266 1863 1340 in
1934 1264 2219 1342 secreto.
2259 1267 2764 1357 consultantes,

795 1410 1044 1459 omnes
1077 1384 1169 1457 ad
1203 1408 1455 1459 necem
1507 1384 1658 1481 ejus
1706 1385 2265 1463 consentiebant:
2319 1386 2461 1477 sed,
2512 1409 2763 1464 utrum

801 1523 1259 1592 maturarent,
1319 1530 1410 1579 an
1482 1505 1869 1595 differrent,
1940 1506 2456 1608 ambigebatur.
2570 1508 2768 1586 Vicit

793 1652 949 1728 pars
983 1624 1258 1701 avidior
1289 1651 1586 1724 poenae,
1624 1627 2032 1726 miffusque,
2068 1627 2196 1727 qui
2229 1653 2593 1703 venenum
2628 1628 2762 1705 fer-

783 1728 920 1821 ret.
1021 1750 1346 1845 Accepto
1409 1748 1701 1846 poculo,
1765 1747 1944 1822 nihil
2010 1748 2207 1823 aliud
2280 1752 2609 1825 locutum
2665 1750 2764 1827 fe-

795 1886 988 1955 runt,
1039 1892 1264 1965 quam
1313 1870 1668 1965 quaefiffe,
1721 1878 1772 1912 ‘⁴
1828 1872 1875 1941 fi
1928 1867 2312 1946 incolumis
2371 1872 2767 1969 Lycortas''

799 1988 890 2087 (is
922 1990 1095 2063 alter
1127 1986 1503 2087 imperator
1541 1990 2001 2065 Achaeorum
2035 1991 2207 2086 etat)
2249 2001 2302 2037 “
2338 1991 2783 2092 equitesque-

795 2121 847 2156 “
881 2111 1233 2185 evafiffent
1255 2110 1333 2184 ?''
1381 2107 1765 2206 Postquam
1794 2110 2075 2187 dietum
2113 2110 2238 2200 est,
2282 2110 2761 2189 “incolumes

796 2241 850 2277 “
885 2232 1018 2307 effe
1041 2263 1067 2319 3
1119 2232 1308 2305 Bene
1353 2231 1632 2317 habet,”
1679 2228 1956 2330 inquit3
2012 2235 2109 2319 ὅτ,
2134 2234 2403 2330 poculo
2428 2231 2762 2333 inpavide

793 2351 1161 2440 exhaustO,
1212 2349 1409 2424 haud
1456 2347 1557 2423 ita
1605 2352 1837 2427 multo
1884 2351 2041 2449 post
2086 2350 2485 2449 exspiravit.
2588 2356 2763 2429 Non

792 2472 1220 2549 diuturnum
1249 2468 1494 2545 mortis
1520 2470 1667 2567 ejus
1693 2470 2042 2572 gaudium
2071 2471 2481 2548 auctoribus
2502 2475 2764 2551 crude-

695 2642 708 2658 ·
791 2590 1005 2667 litatis
1038 2589 1200 2665 fuit.
1300 2589 1508 2665 Victa
1557 2618 1869 2692 namque
1904 2594 2225 2667 Messene
2270 2595 2465 2668 bello
2510 2594 2762 2694 expos·

792 2710 1123 2789 centibus
1159 2709 1471 2785 Achaeis
1506 2711 1761 2786 noxios
1808 2710 2108 2800 dedidit,
2160 2714 2446 2811 offaque
2482 2714 2763 2793 reddita

793 2830 1371 2933 Philopoemenis
1391 2830 1586 2906 sunt:
1626 2835 1694 2907 ὅτ
1720 2830 2037 2931 sepultus
2062 2836 2153 2909 ab
2173 2833 2498 2909 universo
2520 2838 2783 2913 Acha--

792 2955 909 3031 ico
943 2954 1043 3030 est
1075 2950 1410 3043 concilio,
1444 2954 1627 3029 adeo
1660 2953 1998 3028 omnibus
2040 2951 2371 3028 humanis
2404 2956 2785 3055 congestis.

789 3075 1210 3164 honoribuS,
1284 3092 1370 3149 ut
1419 3100 1510 3149 ne
1588 3071 1851 3149 divinis
1910 3071 2225 3170 quidem
2271 3074 2759 3153 abstineretur.

790 3199 916 3274 Ab
949 3193 1402 3294 scriptoribus
1433 3218 1671 3269 rerum
1704 3192 1994 3271 Graecis
2026 3192 2443 3294 Latinisque
2470 3216 2759 3273 tanturn

789 3315 964 3393 huic
983 3316 1136 3392 viro
1161 3312 1520 3403 tribuitur,
1534 3333 1618 3389 ut
1638 3340 1679 3389 a
1702 3312 2135 3413 quibusdam
2154 3340 2431 3404 eorum,
2444 3316 2651 3393 velut
2667 3317 2763 3393 ad

786 3437 1130 3537 insignem
1156 3454 1402 3511 notam
1434 3434 1645 3532 hujus
1678 3433 1873 3522 anni,
1918 3434 2299 3510 memoriae
2336 3438 2757 3513 mandatum

782 3560 892 3650 fit,
928 3580 1064 3633 tres
1097 3556 1322 3633 claros
1355 3555 1813 3655 imperatores
1846 3582 1933 3631 eo
1958 3582 2149 3631 anno
2177 3558 2552 3647 deceffifl'e,
2586 3556 2757 3633 Phi-

786 3683 1310 3781 lopoemenem,
1359 3674 1879 3765 Hannibalem,
1911 3680 1995 3751 P.
2026 3677 2459 3778 Scipionem.
2542 3680 2755 3755 Adeo

785 3803 868 3878 in
913 3824 1144 3900 aequo
1192 3820 1363 3875 eum
1412 3800 1721 3873 duarum
1768 3797 2395 3897 potentiffimarum
2420 3796 2753 3897 gentium

785 3921 1082 4001 summis
1113 3918 1659 4019 imperatoribus
1682 3917 2090 4017 posuerunt.

883 4043 1018 4121 LI.
1101 4042 1226 4117 Ad
1276 4043 1591 4116 Prufiarn
1640 4066 1880 4140 regem
1933 4040 2205 4139 legatus
2239 4040 2334 4113 T.
2360 4037 2753 4140 Qinffius

790 4162 1234 4245 Flamininus
1253 4161 1475 4253 venit,
1501 4186 1723 4265 quem
1748 4157 2149 4261 suspectum
2170 4158 2525 4240 Romanis
2546 4163 2617 4235 δι
2646 4186 2749 4239 ro-
