3100 5359
875 726 1011 792 124
1473 702 2098 775 T.L1vxx

862 874 1123 947 vallum
1177 874 1485 947 hostium
1538 877 1788 972 poffet,
1836 858 2108 964 miffus:
2153 876 2526 974 postquam
2574 878 2830 951 omnia

863 1013 1046 1066 certa
1090 993 1350 1080 retulit,
1394 994 1668 1091 postero
1713 994 1829 1069 die
1874 996 2164 1093 propius
2207 996 2420 1070 castra
2449 996 2826 1071 admoveri

859 1112 1145 1211 placuit.
1240 1114 1489 1187 Tertio
1530 1118 1718 1212 signa
1758 1114 1834 1188 in
1877 1114 2197 1189 medium
2229 1114 2470 1213 campi
2523 1118 2825 1212 prolata,

862 1238 929 1307 ὅτ
964 1228 1207 1305 instrui
1240 1231 1420 1306 acies
1472 1254 1722 1332 coepta
1764 1233 1882 1307 est.
1985 1237 2144 1309 Nec
2180 1234 2581 1309 Antiochus
2637 1236 2824 1309 ultra

858 1350 1449 1451 tergiversandum
1475 1374 1687 1441 ratus,
1718 1379 1806 1427 ne
1837 1358 1904 1427 &
1926 1351 2210 1428 suorum
2238 1353 2510 1429 animos
2533 1354 2820 1429 minue·

855 1494 958 1547 ret
970 1463 1429 1546 ¹detrectando
1450 1494 1827 1561 certamen,
1857 1477 1922 1547 &
1943 1472 2254 1547 hostium
2278 1472 2470 1571 spem
2497 1496 2816 1572 augeret,

852 1598 921 1667 δε
952 1591 1093 1691 ipse
1138 1590 1370 1690 copias
1400 1592 1698 1680 eduxit3
1749 1614 2022 1667 tantum
2057 1594 2442 1691 progressus
2471 1620 2514 1667 a
2543 1594 2812 1682 castris,

854 1734 939 1787 ut
971 1710 1474 1786 dimicaturum
1524 1714 1903 1811 adpareret.
1999 1714 2331 1787 Romana
2379 1713 2560 1788 acies
2593 1713 2816 1788 unius

857 1858 1073 1932 prope
1107 1829 1368 1905 formae
1400 1829 1565 1919 fuit,
1599 1836 1666 1905 δι
1702 1830 2082 1907 hominum
2115 1836 2180 1905 δι
2207 1858 2563 1906 armorum
2597 1859 2814 1932 gene-

854 1978 948 2026 re.
1049 1953 1254 2025 Duae
1286 1950 1595 2049 legiones
1624 1952 2018 2037 Romanae,
2049 1952 2231 2024 duae
2257 1949 2524 2026 socium
2546 1978 2630 2027 ac
2665 1956 2812 2027 La·

852 2069 985 2143 tini
1022 2069 1323 2143 nominis
1368 2090 1600 2143 erant:
1652 2068 1872 2167 quina
1903 2069 2124 2143 millia
2155 2074 2223 2144 &
2283 2071 2810 2171 quadringenos

849 2190 1151 2288 fingulae
1190 2192 1563 2263 habebant.
1660 2189 1972 2262 Romani
2013 2188 2322 2263 mediam
2358 2190 2612 2280 aciem,
2653 2219 2808 2267 cor·

852 2334 997 2383 nua
1050 2307 1293 2383 Latini
1350 2329 1767 2382 tenuerunt:
1845 2308 2270 2383 hastatorum
2319 2310 2546 2407 prima
2589 2316 2806 2412 figna,

851 2428 1108 2503 deinde
1136 2428 1543 2526 principum
1577 2449 1811 2501 erant:
1863 2426 2076 2501 triarii
2111 2428 2492 2526 postremos
2517 2433 2804 2506 claude-

850 2553 1039 2623 bant.
1141 2551 1360 2621 Extra
1410 2550 1592 2621 hanc
1641 2546 1858 2620 veluti
1899 2547 2160 2644 justam
2211 2547 2462 2637 aciem,
2515 2577 2558 2623 a
2607 2572 2804 2648 parte

848 2670 1131 2741 dextera
1159 2666 1400 2742 consul
1436 2669 1884 2741 Achaeorum
1915 2666 2224 2741 caetratis
2259 2667 2597 2743 inmixtos
2627 2696 2802 2744 aux-

848 2788 1067 2863 iliares
1090 2786 1452 2873 EumeniS,
1488 2786 1616 2859 tria
1635 2785 1854 2859 millia
1880 2784 2096 2860 ferme
2129 2787 2481 2885 peditum,
2509 2812 2806 2888 aequata

848 2909 1073 2983 fronte
1094 2904 1457 2981 instruxit:
1512 2907 1692 2978 ultra
1721 2930 1839 2979 eos
1867 2906 2194 3004 equitum
2225 2906 2460 2981 minus
2493 2908 2620 2983 tria
2639 2910 2803 2983 rnil-

846 3028 938 3102 lia
968 3024 1338 3126 obposuit3
1390 3050 1481 3099 ex
1512 3023 1774 3121 quibus
1807 3026 2148 3099 Eumenis
2179 3026 2595 3125 octingenti,
2644 3029 2801 3102 reli-

845 3172 1031 3244 quus
1081 3143 1311 3219 omnis
1361 3142 1716 3241 equitatus
1771 3144 2144 3217 Romanus
2197 3169 2378 3219 erat:
2452 3168 2800 3222 extremos

846 3266 1115 3342 Tralles
1158 3268 1226 3338 &
1272 3261 1627 3337 Cretenses
1685 3261 2272 3361 (quingentorum
2321 3266 2606 3365 utrique
2667 3294 2798 3342 nu-

848 3412 1123 3462 merum
1157 3383 1568 3482 explebant)
1593 3382 1850 3455 statuit.
1907 3385 2231 3458 Laevum
2259 3410 2481 3459 cornu
2518 3412 2664 3460 non
2695 3386 2800 3461 vi-

847 3509 1140 3581 debatur
1180 3527 1385 3601 egere
1418 3500 1674 3576 talibus
1717 3500 2022 3591 auxiliis,
2077 3503 2248 3602 quia
2291 3506 2560 3580 flumen
2593 3510 2684 3581 ab
2717 3534 2798 3581 ω,

842 3646 1029 3725 parte
1062 3622 1391 3721 ripaeque
1426 3624 1756 3719 deruptae
1790 3624 2233 3699 claudebant.
2332 3629 2662 3726 Qatuor
2695 3648 2794 3701 ta-

843 3770 1007 3819 men
1028 3742 1193 3816 inde
1216 3762 1483 3815 turmae
1504 3740 1828 3837 equitum
1851 3744 2222 3839 obpofitae.
2294 3746 2502 3819 Haec
2524 3744 2800 3821 summa

842 3862 1207 3961 copiarum
1239 3882 1381 3935 erat
1427 3860 1802 3947 RomaniS,
1849 3865 1916 3934 &
1951 3863 2102 3935 duo
2131 3861 2351 3936 millia
2401 3863 2798 3941 mixtorum

840 3984 1333 4057 Macedonum
1384 3982 1920 4077 Thracumque,
1972 3980 2100 4077 qui
2157 3983 2516 4057 voluntate
2575 3983 2793 4060 secuti

840 4108 1055 4177 erant.
1141 4099 1249 4175 Hi
1274 4098 1609 4199 praesidio
1632 4098 1851 4174 relicti
1884 4097 2042 4173 sunt
2069 4100 2320 4177 castris.
2419 4104 2798 4181 Sexdecim
