3100 5359
837 699 912 772 L
968 720 999 769 1
1065 720 1105 770 Β
1162 720 1207 771 z
1272 720 1323 770 a
1422 696 1814 772 XXXVII.
2165 722 2300 797 139

340 876 461 974 plo
472 874 633 972 juffi
656 872 847 949 sunt.
918 874 1462 949 Conclamatum
1484 873 1746 949 deinde
1773 897 1990 972 prope
2021 874 2112 948 ab
2135 867 2298 947 uni-

344 994 529 1070 verso
556 993 799 1068 senatu
834 994 960 1083 est,
1004 1006 1055 1037 “
1090 997 1321 1069 Totos
1348 996 1586 1067 adhuc
1621 992 1969 1068 Antiochi
2005 994 2300 1068 Aetolos

344 1127 393 1159 “
426 1114 587 1204 effe,
624 1118 693 1189 &
730 1140 821 1188 ex
854 1112 1067 1189 unica
1097 1139 1180 1187 ea
1207 1112 1326 1212 spe
1369 1116 1678 1213 pendere
1709 1113 1984 1188 animos
2023 1138 2296 1189 eorum.

340 1246 389 1279 ‘⁶
426 1238 677 1333 Itaque
711 1236 983 1309 bellum
1010 1258 1181 1308 cum
1202 1234 1397 1308 haud
1430 1233 1675 1308 dubiis
1694 1234 2018 1310 hostibus
2050 1260 2296 1335 geren·

335 1367 391 1401 “
424 1357 637 1443 dum,
709 1350 1373 1453 perdomandosque
1429 1353 1693 1429 feroces
1759 1354 2033 1429 animos
2095 1356 2298 1429 effe.’'

342 1476 575 1551 Etiam
638 1474 758 1548 illa
790 1500 895 1549 res
926 1473 1280 1563 accendit,
1347 1478 1549 1574 quod
1609 1501 1696 1550 eo
1749 1473 1899 1573 ipso
1953 1498 2294 1575 tempore,

340 1622 482 1696 quo
516 1622 771 1694 pacem
802 1599 892 1672 ab
925 1594 1276 1669 Romanis
1296 1597 1656 1693 petebant,
1693 1595 2045 1695 Dolopiae
2080 1619 2298 1696 atque

342 1715 807 1793 Athamaniae
834 1718 1104 1791 bellurn
1127 1715 1539 1791 inferebant.
1603 1716 2296 1794 Senatusconsultum

340 1838 411 1913 in
436 1842 577 1913 M’.
604 1836 827 1913 Acilii
864 1836 1303 1925 sententiam,
1339 1836 1465 1935 qui
1495 1836 1946 1913 Antiochum
1975 1840 2296 1915 Aetolos-

336 1986 475 2059 que
541 1957 922 2045 devicerat,
977 1956 1247 2031 fastum
1298 1958 1423 2045 est,
1494 1968 1545 2001 “
1584 1960 1698 2031 Ut
1747 1960 1988 2034 Aetoli
2035 1986 2122 2034 eo
2177 1961 2298 2036 die

340 2082 833 2177 “juberentur
861 2076 1209 2176 proficisci
1234 2080 1325 2152 ab
1358 2080 1563 2166 urbe,
1610 2082 1676 2151 δι
1713 2077 1894 2155 intra
1924 2079 2300 2179 quintum·

340 2209 389 2246 “
422 2200 797 2275 decimum
836 2196 1033 2272 diem
1059 2196 1259 2272 Italia
1282 2199 1694 2272 excedere.”
1793 2206 1889 2275 A.
1916 2202 2296 2277 Terentius

342 2322 557 2397 Varro
581 2321 675 2395 ad
709 2318 1263 2395 custodiendum
1290 2316 1421 2393 iter
1450 2344 1702 2393 eorum
1723 2318 1988 2411 mifl’us,
2019 2324 2298 2397 denun-

338 2440 777 2541 ciatumque,
840 2446 893 2483 “
930 2438 1003 2514 Si
1051 2463 1195 2537 qua
1238 2440 1501 2515 deinde
1546 2439 1808 2541 legatio
1858 2467 1947 2517 ex
1991 2442 2294 2533 Aetolis,

342 2571 389 2604 “
422 2561 545 2635 nifi
580 2558 913 2658 permissu
951 2559 1414 2659 imperatoriS,
1466 2560 1598 2661 qui
1645 2588 1801 2637 eam
1852 2561 2294 2662 provinciam

341 2691 389 2726 “
422 2664 799 2769 obtineret,
858 2684 927 2755 ὅτ
962 2707 1133 2755 cum
1166 2683 1399 2781 legato
1433 2683 1797 2771 Roman0,
1825 2683 2116 2759 veniffet
2151 2684 2300 2759 Ro-

340 2812 391 2847 “
421 2790 642 2891 mani,
676 2827 809 2899 pro
826 2800 1147 2878 hostibus
1178 2826 1425 2877 omnes
1452 2800 1798 2878 futurosss’
1897 2804 2006 2880 Ita
2039 2805 2296 2880 dimiffi

334 2922 595 2999 Aetoli.

428 3046 523 3119 L.
626 3047 743 3119 De
787 3042 1171 3142 provinciis
1218 3044 1479 3119 deinde
1514 3044 1832 3121 consules
1863 3047 2294 3123 retulerunt=

336 3163 552 3240 sortiri
588 3192 709 3240 eos
737 3164 1095 3240 Aetoliam
1123 3169 1191 3240 &
1222 3168 1457 3240 Afiam
1479 3164 1771 3264 placuit.
1869 3164 2023 3266 Qi
2054 3167 2295 3243 Afiam

338 3284 613 3360 sortitus
664 3287 855 3374 effer,
916 3285 1265 3361 exercitus
1298 3285 1389 3375 ei,
1422 3311 1644 3384 quem
1677 3288 1771 3361 L.
1805 3284 2049 3383 Scipio
2081 3288 2296 3363 habe-

338 3428 462 3496 ret,
528 3406 632 3481 est
664 3408 1013 3494 decretus,
1083 3411 1151 3481 &
1196 3405 1271 3480 in
1312 3432 1483 3482 eum
1512 3405 2091 3505 'supplementum
2121 3432 2295 3505 qua-

338 3548 493 3603 tuor
518 3526 744 3601 millia
770 3525 1101 3625 peditum
1137 3528 1664 3615 Romanorum,
1699 3524 1990 3601 ducenti
2021 3525 2296 3624 equites

340 3651 399 3722 &
432 3647 791 3724 sociorum
810 3672 891 3722 ac
914 3645 1159 3721 Latini
1181 3645 1493 3720 nominis
1511 3648 1677 3721 oc‘to
1694 3646 1918 3721 millia
1937 3646 2293 3746 pediturn,

338 3768 407 3840 δε
438 3767 946 3868 quadringenti
979 3766 1291 3866 equites:
1328 3766 1438 3840 his
1470 3765 1696 3863 copiis
1727 3788 1810 3840 ut
1829 3768 2097 3841 bellum
2129 3790 2297 3843 cum

339 3889 703 3964 Antiocho
760 3908 1051 3988 gereret.
1153 3886 1381 3963 Alteri
1417 3886 1688 3962 consuli
1735 3885 2109 3977 exercitus,
2165 3889 2296 3986 qui

338 4030 473 4085 erat
505 4010 584 4085 in
620 4008 931 4098 Aetolia,
985 4009 1087 4083 est
1123 4010 1492 4096 decretus;
1574 4012 1671 4096 ὅτ,
1715 4028 1799 4085 ut
1843 4006 2296 4107 supplemen-

340 4148 485 4207 tum
529 4129 886 4218 scriberet,
946 4128 1385 4226 permiffum,
1458 4126 1732 4204 civium
1793 4126 2290 4229 sociorumque
