3100 5359
949 739 1206 812 L.1.n
1265 761 1309 810 F.
1365 759 1414 810 R
1518 735 1883 812 XXXIX.
2230 759 2371 836 325

387 931 568 1000 erat,
599 929 1002 986 tenuerunt.
1117 909 1192 986 si
1227 909 1502 986 Antiati
1535 909 1819 984 Valerio
1850 905 2135 986 credere
2167 907 2369 998 libet,

389 1033 486 1106 ad
515 1031 666 1106 duo
697 1029 1079 1106 hominum
1113 1030 1340 1106 millia
1367 1029 1755 1105 damnavit.
1858 1033 1957 1104 Et
1987 1033 2084 1104 L.
2116 1028 2369 1105 Postu-

393 1150 585 1238 mius
634 1170 932 1250 praetor,
985 1149 1106 1226 cui
1159 1154 1558 1227 Tarentum
1607 1149 1975 1250 provincia
2016 1168 2367 1238 evenerat,

390 1295 685 1372 magnas
715 1269 1072 1370 pastorum
1101 1268 1623 1368 conjurationes'
1652 1269 2071 1358 vindicavit,
2104 1274 2177 1344 ὅτ
2210 1270 2370 1344 reli-

395 1389 604 1491 quiae
627 1390 1176 1466 Bacchanalium
1205 1391 1635 1490 quaestionis
1660 1413 1831 1467 curn
1852 1389 2055 1464 omni
2084 1387 2372 1490 exsecu-

393 1533 516 1588 tus
567 1511 668 1588 est
719 1537 913 1588 cura.
1017 1515 1329 1600 Multos,
1381 1511 1511 1611 qui
1549 1532 1681 1586 aut
1711 1510 1905 1586 citati
1942 1533 2091 1584 non
2122 1508 2371 1584 adfue-

399 1653 582 1721 rant,
641 1653 768 1707 aut
815 1633 1032 1708 vades
1064 1630 1535 1721 deseruerant,
1592 1631 1671 1706 in
1704 1659 1787 1707 ea
1818 1631 2105 1731 regione
2134 1629 2375 1704 Italiae

398 1755 718 1843 latentes,
759 1751 1014 1852 partim
1036 1752 1291 1826 noxios
1311 1751 1692 1848 judicavit,
1748 1751 2005 1850 partim
2054 1777 2377 1850 compre-

391 1861 652 1949 hensos
704 1876 1024 1952 Romam
1071 1874 1164 1948 ad
1211 1870 1530 1946 senatum
1580 1871 1785 1946 mifit.
1888 1871 1973 1945 In
2024 1893 2376 1949 carcerem

393 2019 650 2070 omnes
681 2020 726 2068 a
757 1997 839 2070 P.
873 1991 1212 2070 Cornelio
1245 1991 1544 2088 conjecti
1583 1991 1765 2067 sunt.

499 2116 744 2190 XLII.
843 2115 930 2188 In
982 2111 1342 2210 Hispania
1383 2111 1741 2200 ulteriore,
1776 2109 2009 2186 fractis
2042 2109 2377 2209 proximo

397 2235 594 2311 bello
632 2231 1014 2321 Lufitanis,
1075 2231 1355 2330 quietae
1389 2257 1496 2306 res
1523 2229 1839 2306 fuerunt.
1940 2231 2025 2306 ln
2058 2230 2377 2306 citeriore

403 2353 498 2429 A.
531 2352 912 2430 Terentius
945 2353 1022 2427 in
1065 2351 1480 2427 Suessetanis
1532 2351 1889 2452 oppidum
1941 2351 2380 2428 Corbionem

401 2472 630 2550 vineis
679 2479 749 2548 ὅτ
781 2473 1118 2574 operibus
1163 2473 1625 2573 expugnavit,
1661 2473 1973 2572 captivos
2006 2472 2335 2548 vendidit
2356 2506 2377 2548 ε

401 2591 652 2693 quieta
699 2593 964 2668 deinde
995 2592 1290 2668 hiberna
1312 2597 1383 2668 ὅτ’
1409 2592 1691 2670 citerior
1718 2593 2083 2692 provincia
2107 2593 2381 2670 habuit.

405 2715 694 2790 Veteres
717 2713 1090 2812 praetores,
1119 2717 1204 2788 C.
1233 2712 1667 2811 Calpurnius
1692 2712 1855 2788 Piso
1882 2715 1951 2788 ez
1980 2718 2075 2789 L.
2099 2714 2381 2817 Qinc·

401 2833 578 2924 tius,
604 2837 922 2910 Romam
953 2833 1338 2909 redierunt.
1441 2832 1761 2930 Utrique
1790 2859 2053 2933 magno
2085 2838 2383 2910 Parrum

396 2953 746 3031 consensu
807 2953 1216 3052 triumphus
1260 2953 1360 3028 est
1403 2954 1751 3028 decretuS.
1852 2954 2055 3030 Prior
2098 2957 2185 3030 C.
2221 2958 2383 3032 Cal-

407 3075 710 3175 purnius
767 3077 860 3150 de
923 3071 1278 3150 Lusitanis
1337 3077 1406 3148 8t
1464 3073 1840 3149 Celtiberis
1894 3074 2383 3173 triumphavit.

399 3198 722 3272 Coronas
767 3221 1008 3270 aureas
1052 3193 1220 3269 tulit
1261 3192 1629 3293 octoginta
1671 3215 1835 3283 tres,
1880 3196 1955 3268 ac
1990 3195 2383 3270 duodecim

401 3317 636 3394 millia
657 3317 905 3416 pondo
925 3314 1222 3415 argenti.
1320 3317 1597 3390 Paucos
1622 3315 1777 3414 post
1808 3314 1961 3390 dies
1989 3317 2082 3390 L.
2103 3317 2384 3418 Qinc-

405 3437 550 3514 tius
607 3435 974 3534 Crispinus
1025 3461 1118 3510 ex
1171 3433 1422 3509 iisdem
1477 3435 1833 3510 Lufitanis
1872 3435 2384 3537 Celtiberisque

401 3557 895 3658 triumphavit.
994 3556 1490 3630 Tantumdem
1541 3555 1693 3630 auri
1745 3578 1959 3655 atque
2002 3559 2271 3657 argenti
2308 3559 2386 3634 in

403 3703 496 3755 eo
521 3677 894 3775 triumpho
923 3678 1354 3751 transsatum.
1453 3676 1819 3764 Censores,
1845 3680 1959 3752 M.
1997 3678 2291 3754 Porcius
2310 3679 2385 3752 St

415 3802 516 3888 L,
549 3797 903 3885 Valerius,
957 3817 1156 3872 metu
1201 3795 1432 3873 mixta
1475 3796 2022 3894 exspectatione,
2070 3797 2389 3874 senatum

405 3921 772 4020 legerunt:
833 3917 1102 4017 septem
1153 3939 1532 3994 moverunt
1582 3916 1848 3992 senatu.
1950 3921 2068 3993 Ex
2121 3919 2389 4018 quibus

405 4063 646 4116 unum
711 4038 1058 4140 insignem
1123 4044 1192 4115 δε
1253 4039 1621 4115 nobilitate
1688 4043 1759 4112 ὅτ
1804 4033 2223 4127 honoribus,
2290 4042 2386 4115 L.

411 4158 848 4264 Qinc'tium
872 4160 1362 4238 Flamininum
1384 4157 1847 4236 consularem.
1913 4163 2207 4236 Patrum
2236 4185 2385 4236 me-
