3100 5359
805 735 944 808 154
1431 712 2029 785 T.L1v11

794 883 980 982 gius,
1009 879 1474 980 exposuiffent
1501 885 1760 970 PatreS,
1798 885 2243 980 adjecerunt3
2296 892 2348 928 “
2382 884 2456 960 Si
2488 885 2745 984 utique

796 1015 846 1046 “
883 1031 1036 1078 eam
1085 1029 1230 1076 rem
1277 1005 1366 1076 ad
1413 1003 1711 1078 civitatis
1743 1003 1901 1078 suae
1934 1003 2355 1102 dignitatern
2400 999 2751 1102 pertinere

796 1134 846 1166 “
881 1122 1234 1198 censerent
1265 1124 1568 1212 Rhodii,
1620 1123 1933 1198 senatum
1979 1123 2177 1198 omni
2214 1127 2433 1200 modo
2474 1152 2747 1225 expug-

791 1253 843 1287 “
879 1265 1210 1318 naturum
1268 1243 1723 1342 pertinaciam
1776 1246 2235 1343 legatorum.'’
2334 1247 2533 1320 Tum
2578 1272 2749 1321 vero

787 1361 1158 1460 inpenfius,
1229 1389 1444 1462 quam
1511 1385 1699 1450 ante,
1764 1364 2039 1438 Rhodii
2108 1362 2357 1462 gratias
2414 1387 2750 1469 egerunt,⁸

786 1481 1221 1581 ceffurosque
1256 1482 1321 1556 se
1355 1481 1592 1582 potius
1626 1484 2072 1581 adrogantiae
2104 1485 2489 1582 Antipatri,
2518 1511 2741 1583 quam

784 1603 1082 1675 caussam
1149 1605 1535 1678 turbandae
1598 1603 1787 1699 pacis
1852 1603 2313 1700 praebituros,
2382 1603 2741 1678 dixerunt.

783 1721 888 1793 Ita
919 1719 1098 1794 nihil
1125 1723 1216 1795 de
1247 1722 1424 1796 Solis
1459 1745 1811 1796 mutatum
1840 1723 1959 1796 est.

876 1841 1112 1914 LVII.
1212 1845 1348 1916 Per
1401 1869 1518 1916 eos
1578 1843 1754 1930 dies,
1807 1842 2073 1942 quibus
2106 1845 2277 1917 haec
2298 1833 2499 1943 gesta
2548 1842 2735 1932 sunt,
2778 1917 2783 1920 .

780 1961 988 2060 legati
1053 1962 1586 2036 Masfilienfium
1642 1962 2095 2050 nunciarunt,
2148 1975 2197 2006 “
2236 1965 2327 2036 L.
2392 1962 2738 2037 Baebium

781 2089 832 2124 “
867 2103 1280 2179 praetorem,
1347 2081 1422 2156 in
1477 2081 1911 2181 provinciam
1960 2079 2381 2177 Hispaniam
2426 2081 2737 2178 proficis-

779 2210 828 2244 “
867 2223 1170 2289 centem,
1231 2205 1321 2277 ab
1371 2201 1766 2300 Liguribus
1814 2199 2425 2286 circumventum,
2476 2225 2737 2300 magna

779 2330 828 2364 “
865 2343 1056 2416 parte
1091 2320 1439 2396 comitum
1493 2319 1709 2408 caesa,
1764 2321 2209 2394 vulneratum
2246 2317 2505 2417 ipsum,
2560 2347 2731 2394 cum

779 2448 827 2481 “
863 2439 1128 2538 paucis„
1189 2445 1326 2514 fine
1357 2439 1752 2526 li&oribuS‚
1797 2437 2177 2512 Maffiliam
2204 2438 2603 2538 perfugisse,
2658 2445 2729 2514 ὅτ

777 2568 824 2602 “
862 2557 1052 2650 intra⁴
1068 2557 1386 2634 triduum
1421 2559 1850 2658 exspiraffe.’'
1904 2561 2220 2646 Senatus,
2256 2585 2336 2632 ea
2358 2584 2427 2632 re
2458 2559 2727 2648 audita,
2814 2565 2819 2568 ’

773 2677 1108 2766 decrevit,
1163 2689 1213 2720 “
1247 2678 1354 2752 uti
1390 2682 1469 2752 P.
1501 2677 1761 2773 Junius
1796 2681 2079 2765 Brutus,
2142 2677 2271 2775 qui
2325 2701 2729 2775 propraetor

773 2807 824 2840 ‘⁸
857 2796 936 2872 in
985 2796 1264 2872 Etruria
1313 2799 1503 2884 effet,
1571 2795 1933 2895 provincia
1965 2797 2427 2894 exercituque
2456 2797 2725 2872 traditis

771 2928 822 2960 “
854 2916 1008 3005 uni,
1045 2915 1164 2990 cui
1195 2916 1574 3006 videretur,
1610 2943 1699 2990 ex
1731 2915 2003 3015 legatis,
2034 2915 2176 3018 ipse
2213 2915 2287 2990 in
2318 2917 2755 2992 ulteriorem·

771 3047 821 3082 ‘⁶
861 3035 1286 3136 Hispaniam·
1338 3036 1912 3135 proficisceretur,
1968 3062 2191 3133 eaque
2248 3037 2315 3110 ei
2358 3037 2723 3137 provincia

769 3167 821 3208 ‘⁶
857 3159 1086 3233 effet.''
1185 3158 1358 3232 Hoc
1412 3154 2082 3231 senatusconsultum
2117 3155 2494 3258 literaeque
2528 3185 2569 3230 a
2600 3163 2719 3254 Sp.

767 3276 1134 3352 Postumio
1179 3297 1490 3372 praetore
1525 3275 1599 3349 in
1634 3274 1990 3351 Etruriam
2031 3277 2268 3374 miffae
2302 3274 2459 3350 sunt
2484 3309 2502 3349 ε
2532 3288 2712 3374 ‘pro‘

765 3393 1124 3494 sectusque
1160 3395 1235 3469 in
1279 3394 1704 3493 Hispaniam
1756 3395 1855 3469 est
1887 3398 1967 3469 P.
1998 3395 2261 3490 Juni‘us
2292 3418 2717 3493 propraetor.

763 3516 850 3589 In
871 3541 1026 3613 ,qua
1054 3514 1414 3613 provincia
1443 3514 1633 3614 prius
1665 3515 2053 3614 aliquanto,
2108 3540 2324 3613 quam
2372 3515 2713 3591 succeffor

761 3633 1053 3722 veniret,
1105 3638 1204 3738 L.¹
1228 3635 1582 3710 Aemilius
1615 3637 1929 3722 PaulluS,
1998 3634 2127 3733 qui
2186 3636 2423 3734 postea
2475 3662 2713 3735 regem

762 3753 1004 3830 Persea
1035 3781 1290 3854 magna
1307 3753 1530 3854 gloria
1548 3754 1746 3843 vicit,
1782 3781 2014 3853 quum
2052 3754 2281 3853 priore
2302 3782 2489 3830 anno
2516 3759 2727 3830 haud.

761 3873 1078 3972 prospere
1118 3900 1266 3948 rem
1323 3875 1634 3974 geffiffet,
1695 3875 2159 3950 tumultuario
2192 3874 2505 3950 exercitu
2540 3902 2711 3951 con·-

758 3995 967 4082 leao,
1022 3993 1257 4092 -fignis
1341 3991 1653 4068 conlatis'
1695 4019 1864 4068 cum
1928 3995 2278 4070 Lufitanis
2340 3996 2705 4093 pugnavit.

759 4116 918 4188 Fufi
968 4112 1332 4212 fugatique
1367 4111 1526 4188 sunt
1559 4112 1813 4216 hostes.
1910 4113 2125 4190 Caesa
2154 4116 2406 4190 decem
2441 4119 2505 4189 δι
2540 4117 2713 4192 octo
