3100 5359
813 702 889 776 L
944 725 974 776 1
1037 727 1079 777 B
1132 726 1177 780 Β.
1228 726 1275 777 a
1379 702 1738 777 XXXVI.
2162 729 2259 807 45

283 873 724 979 indignitate
775 876 1160 976 exasperati
1213 876 1436 955 animi
1483 874 1670 967 sunt,
1720 896 1831 967 ut,
1884 881 1932 953 fi
1980 876 2058 955 in
2094 903 2274 977 pace

281 997 602 1086 fuifl'ent,
672 996 798 1075 illo
851 996 1098 1097 inpetu
1161 996 1298 1073 irae
1360 996 1698 1077 concitari
1758 997 2124 1095 potuerint
2182 1001 2277 1077 ad

285 1120 588 1197 bellum.
685 1120 814 1196 Ad
845 1117 1021 1193 iram
1051 1121 1434 1195 accedebat
1467 1123 1536 1193 ὅτ
1575 1116 1955 1193 difficultas
1988 1145 2270 1209 eorum,

283 1265 474 1341 quae
502 1239 1052 1339 imperarentur:
1107 1249 1157 1283 “
1197 1265 1512 1338 quonam
1545 1239 1768 1313 modo
1794 1236 1988 1313 enim
2018 1237 2276 1340 utique

288 1372 342 1407 “
379 1386 625 1461 regem
683 1362 1243 1460 Amynandrum
1297 1361 1365 1435 se
1431 1362 1701 1435 tradere
1752 1360 1943 1458 poffe
1978 1362 2053 1432 ?”
2175 1360 2280 1433 Et

285 1480 441 1581 spes
474 1479 654 1559 forte
682 1483 944 1569 oblata,
979 1483 1182 1580 quod
1209 1480 1603 1570 Nicander,
1656 1506 1743 1555 eo
1770 1478 1919 1579 ipso
1952 1498 2273 1578 tempore

291 1605 388 1681 ab
413 1627 584 1702 rege
617 1599 988 1679 Antiocho
1018 1600 1336 1690 venienS,
1388 1599 1717 1700 implevit
1748 1599 2271 1697 exspectatione

287 1748 476 1801 vana
523 1720 1102 1810 multitudinem,
1153 1742 1344 1797 terra
1387 1720 1711 1820 marique
1760 1720 2010 1821 ingens
2054 1720 2277 1820 parari

289 1845 591 1927 bellum.
691 1844 760 1917 Is
811 1840 1254 1919 duodecimo
1303 1841 1449 1931 die,
1501 1868 1723 1941 quam
1778 1840 2279 1919 conscenderat

291 1989 580 2051 navem,
643 1961 722 2039 in
767 1961 1154 2051 Aetoliam,
1205 1962 1514 2062 perfecta
1566 1961 1945 2062 legatione,
1996 1962 2275 2041 rediens

291 2084 592 2167 Phalara
647 2080 722 2159 in
773 2085 924 2161 finu
974 2082 1291 2159 Maliaco
1344 2083 1596 2161 tenuit.
1710 2085 1889 2159 Inde
1940 2084 2277 2163 Lamiam

292 2202 682 2303 pecuniam
737 2230 972 2302 quum
1025 2203 1433 2293 devexisset,
1497 2203 1643 2303 ipse
1698 2230 1870 2280 cum
1924 2203 2274 2304 expeditis

291 2322 575 2423 vespera
605 2322 838 2421 prima
871 2323 1054 2399 inter
1087 2326 1586 2401 Macedonum
1617 2326 2094 2425 Romanaque
2132 2322 2277 2400 cas-

291 2466 400 2521 tra
435 2442 684 2522 medio
713 2468 911 2545 agro,
963 2445 1144 2520 dum
1188 2446 1559 2545 Hypatam
1607 2443 1791 2521 notis
1824 2444 2121 2521 callibus
2152 2470 2273 2543 pe-

295 2562 418 2652 tit,
469 2562 550 2639 in
593 2562 966 2641 stationem
1010 2562 1268 2641 incidit
1313 2566 1839 2655 Macedonum,
1892 2563 2273 2643 deductus-

299 2709 450 2783 que
513 2685 610 2759 ad
673 2710 914 2784 regem
979 2684 1103 2774 est,
1181 2685 1510 2763 nondum
1574 2684 1909 2763 convivio
1966 2684 2274 2761 dimiffo.

295 2806 530 2907 Qod
556 2802 686 2881 ubi
721 2802 1144 2881 nunciatum
1169 2806 1296 2895 est,
1347 2808 1545 2881 velut
1568 2805 1886 2906 hospitiS,
1940 2832 2086 2883 non
2117 2804 2274 2881 hos-

297 2924 420 3015 tis,
480 2926 796 3001 adventu
857 2944 1097 3001 motus
1149 2924 1548 3025 Philippus»,
1618 2929 2049 3003 adcumbere
2102 2951 2275 3003 eum

295 3044 714 3146 epularique
734 3047 1031 3143 juffum,
1081 3066 1298 3144 atque
1345 3046 1543 3135 inde,
1595 3046 1886 3125 dimiffis
1937 3045 2117 3134 aliis,
2170 3044 2275 3121 so·

297 3168 460 3244 lum
491 3186 872 3255 retentum,
927 3165 1158 3265 ipsum
1199 3164 1500 3265 quidem
1545 3168 1637 3243 de
1671 3164 1737 3241 se
1772 3164 2019 3243 timere
2059 3164 2273 3265 quid·

297 3312 525 3387 quam
549 3285 799 3362 vetuit.
898 3286 1326 3363 Aetolorum
1359 3312 1571 3385 prava
1596 3285 1903 3375 confilia,
1954 3308 2171 3386 atque
2200 3286 2277 3363 in

297 3406 620 3507 ipsorum
653 3425 870 3506 caput
897 3405 1167 3504 semper
1199 3404 1610 3495 recidentia,
1646 3404 2024 3483 accusavit.
2122 3405 2277 3508 Qi

297 3527 630 3627 primum
679 3528 1080 3615 Romanoa,
1132 3524 1397 3604 deinde
1444 3525 1894 3607 Antiochum
1943 3527 2021 3605 in
2056 3530 2279 3605 Grae·

297 3649 494 3726 ciam
557 3646 1029 3725 adduxiffent.
1153 3657 1205 3691 “
1259 3648 1402 3725 Sed
1457 3646 2020 3745 praeteritorum,
2094 3672 2277 3745 quae

299 3779 354 3815 ‘⁶
391 3766 626 3868 magis
665 3764 1113 3865 reprehendi,
1164 3792 1384 3867 quam
1428 3765 1715 3866 corrigi,
1765 3770 2045 3866 poffint,
2096 3766 2277 3846 obli-

301 3898 356 3934 “
393 3908 556 3963 tum
585 3887 680 3976 se,
730 3914 881 3963 non
904 3885 1287 3976 facturum,
1338 3908 1424 3961 ut
1447 3885 1735 3963 insultet
1758 3888 2049 3963 adverfis
2070 3891 2279 3967 rebus

306 4019 360 4054 “
399 4034 678 4085 eorum.
761 4009 1058 4085 Aetolos
1091 4032 1385 4106 quoque
1411 4006 1615 4083 finire
1642 4008 1931 4085 tandem
1956 4006 2279 4085 adversus

307 4139 368 4177 “
402 4127 472 4207 se
521 4128 694 4207 odia
741 4130 1000 4207 debere
1021 4161 1050 4219 3
1117 4150 1191 4205 et
1241 4127 1701 4209 Nicandrum
1750 4125 2085 4227 privatim
2130 4128 2278 4225 ejus
