3100 5359
786 754 937 822 414
1462 732 2092 807 T.L1v11

788 904 857 975 ὅτ
908 903 1007 976 ob
1058 898 1483 977 fulminibus
1523 902 1896 999 complura
1918 903 2076 978 loca
2103 900 2496 979 deformata
2525 905 2618 979 ad
2649 930 2768 979 ae-

792 1022 961 1095 dem
996 1021 1199 1116 Jovis
1232 1042 1313 1096 ut
1339 1019 1756 1121 supplicatio
1788 1021 1983 1096 diem
2019 1047 2252 1097 unum
2278 1026 2463 1099 effet.
2567 1024 2767 1099 Ludi

786 1144 1049 1217 deinde
1103 1140 1323 1217 votivi
1376 1140 1744 1237 QFulvii
1797 1140 2101 1217 consulis
2147 1169 2272 1242 per
2312 1143 2464 1219 dies
2508 1146 2766 1219 decem

788 1266 1053 1361 magno
1109 1264 1445 1359 adparatu
1514 1260 1708 1337 faffi.
1805 1261 2198 1337 Censorum
2257 1262 2426 1337 inde
2473 1263 2766 1339 comitia

789 1380 1059 1458 habita:
1087 1380 1297 1456 creati
1324 1384 1438 1457 M.
1462 1381 1821 1457 Aemilius
1841 1381 2163 1481 Lepidus
2190 1382 2516 1481 pontifex
2537 1384 2762 1459 maxi·

786 1526 948 1576 mus
998 1501 1073 1574 &
1127 1504 1245 1575 Μ.
1282 1500 1580 1599 Fulvius
1627 1501 1988 1591 Nobilior,
2039 1502 2168 1601 qui
2201 1528 2292 1576 ex
2335 1503 2612 1578 Aetolis
2641 1504 2761 1579 tri·

786 1623 1271 1720 umphaverat.
1321 1625 1511 1697 Inter
1571 1624 1700 1697 hos
1765 1622 1952 1697 viros
2009 1621 2281 1698 nobiles
2345 1621 2761 1698 inimicitiae

785 1763 1008 1831 erant,
1058 1740 1255 1843 saepe
1308 1742 1554 1817 multis
1598 1741 1673 1815 &
1720 1741 1798 1817 in
1842 1741 2080 1821 senatu
2135 1747 2204 1817 ὅτ
2255 1744 2350 1817 ad
2401 1746 2758 1842 populum

786 1862 1145 1939 atrocibus
1177 1864 1558 1938 celebratae
1593 1860 2121 1938 certaminibus.
2221 1862 2556 1939 Comitiis
2587 1890 2760 1939 con-

786 1982 1015 2073 fectis,
1092 2004 1175 2057 ut
1237 1983 1576 2058 traditum
1641 1982 2036 2081 antiquitus
2099 1983 2224 2073 est,
2311 1982 2626 2059 censores
2683 1985 2760 2059 in

786 2106 1063 2203 Campo
1106 2104 1200 2177 ad
1252 2128 1447 2177 aram
1498 2101 1760 2178 Martis
1799 2101 1978 2179 sellis
2022 2101 2390 2179 curulibus
2423 2104 2758 2182 consede-

782 2221 997 2312 runt,
1048 2248 1197 2322 quo
1231 2242 1515 2322 repente
1559 2221 1914 2322 principes
1966 2222 2363 2299 senatorum
2418 2251 2590 2299 cum
2641 2252 2761 2325 ag-

784 2344 985 2420 mine
1038 2364 1385 2419 venerunt
1437 2340 1780 2417 civitatis:
1835 2341 2017 2419 inter
2059 2368 2243 2443 quos
2277 2345 2758 2445 QCaecilius

784 2465 1131 2540 Metellus
1156 2465 1367 2538 verba
1398 2461 1590 2538 fecit.

882 2586 1158 2661 XLVI.
1260 2592 1310 2625 ‘⁶
1348 2584 1523 2657 Non
1589 2582 1796 2658 obliti
1867 2583 2133 2672 sumus,
2212 2582 2551 2673 censoreS,
2635 2612 2761 2661 vos

786 2715 835 2751 “
872 2705 1115 2802 paullo
1160 2722 1323 2777 ante
1371 2706 1463 2779 ab
1508 2702 1832 2778 universo
1864 2706 2138 2802 populo
2170 2706 2508 2779 Romano
2541 2706 2757 2781 mori-

787 2835 837 2869 “
874 2827 1011 2900 bus
1046 2821 1293 2899 nostris
1318 2826 1736 2921 praepofitos
1769 2825 1936 2898 efl‘e:
1974 2828 2043 2898 ὅτ
2077 2850 2203 2899 nos
2235 2850 2278 2897 a
2299 2824 2506 2899 vobis
2531 2830 2598 2899 δι
2635 2828 2758 2901 ad-

787 2958 838 2992 “
876 2943 1178 3033 moneri,
1230 2948 1297 3017 &
1332 2942 1510 3043 regi,
1538 2969 1684 3018 non
1712 2970 1838 3019 vos
1869 2970 1912 3017 a
1942 2944 2150 3019 nobis
2182 2946 2462 3020 debere.
2563 2944 2756 3024 Indi·

790 3076 841 3112 “
878 3067 1191 3142 candum
1230 3084 1467 3139 tamen
1512 3064 1640 3152 est,
1691 3063 1871 3163 quid
1905 3090 2152 3139 omnes
2183 3067 2410 3140 bonos
2443 3064 2520 3139 in
2553 3066 2758 3143 vobis

787 3197 839 3232 “
876 3206 999 3261 aut
1040 3184 1410 3274 obfendat,
1459 3206 1585 3261 aut
1615 3206 1801 3260 certe
1833 3206 2192 3260 mutatum
2225 3183 2496 3259 malint.
2598 3185 2754 3263 Siu-

786 3318 837 3351 “
872 3307 1081 3407 gulos
1133 3332 1366 3406 quum
1412 3305 1802 3392 intuemur,
1871 3308 1987 3381 M.
2017 3303 2315 3394 Aemili,
2365 3307 2485 3381 M.
2512 3303 2752 3394 Fulvi,

787 3436 839 3470 “
876 3414 1243 3501 nerninem
1300 3424 1517 3501 hodie
1565 3424 1640 3499 in
1667 3424 1950 3499 civitate
1983 3427 2355 3513 habemus,
2405 3449 2656 3521 quem,
2707 3429 2754 3499 fi

788 3557 841 3592 “
876 3571 1290 3621 revocemur
1330 3545 1407 3619 in
1440 3543 1874 3645 suffragium,
1925 3544 2230 3620 velimus
2253 3543 2456 3620 vobis
2490 3546 2752 3643 praela?

786 3678 837 3712 ‘⁶
872 3688 1027 3741 tum
1074 3668 1230 3739 effe.
1332 3668 1582 3741 Ambo
1607 3690 1837 3763 quum
1871 3667 2070 3740 fimul
2098 3662 2552 3765 adspicimus,
2607 3694 2754 3749 non

785 3798 835 3832 ‘⁶
872 3787 1233 3886 poffumus
1290 3810 1435 3859 non
1487 3783 1732 3875 vereri,
1785 3812 1874 3859 ne
1921 3786 2104 3860 male
2147 3784 2534 3882 comparati
2587 3786 2751 3875 fitis,

788 3920 839 3953 “
877 3934 1009 3985 nec
1068 3927 1343 3983 tantum
1402 3904 1830 4005 reipublicae
1879 3908 2112 4003 profit,
2163 3905 2367 4003 quod
2419 3904 2755 3986 omnibus

789 4035 843 4071 “
880 4025 1088 4103 nobis
1138 4024 1417 4125 egregie
1461 4024 1778 4123 placetis,
1829 4051 2077 4123 quam,
2129 4026 2333 4123 quod
2359 4024 2530 4102 alter
2555 4023 2748 4101 alteri

789 4157 840 4193 ‘⁶
876 4146 1283 4247 displicetis,
1334 4164 1605 4221 noceat.
1707 4143 2122 4223 Inimicitias
2153 4170 2281 4245 per
2310 4170 2532 4221 annos
2567 4146 2747 4221 mul-
