3100 5359
790 750 864 825 L
917 775 944 821 1
1002 776 1045 823 B
1102 777 1146 825 E
1201 776 1249 823 R
1353 753 1743 825 XXXVII.
2147 775 2282 847 109

421 920 766 995 XXVIII.
863 921 1051 1016 Teji,
1090 948 1318 1021 quum
1348 922 1421 995 in
1449 922 1677 997 oculis
1711 920 2077 1021 populatio
2099 922 2288 1007 effer,

336 1061 619 1115 oratores
670 1064 846 1113 cum
894 1039 1136 1116 infulis
1172 1047 1241 1116 &
1275 1042 1687 1116 velamentis
1747 1044 1838 1115 ad
1872 1043 2292 1114 Romanum

338 1160 681 1237 miserunt.
787 1158 1079 1260 Qibus
1128 1162 1598 1260 purgantibus
1655 1160 2014 1236 civitatem
2061 1158 2296 1233 omnis

340 1280 495 1355 facti
542 1279 867 1378 dictique
926 1278 1195 1355 hostilis
1254 1280 1584 1355 adversus
1648 1284 2043 1366 RomanOS,
2125 1288 2176 1321 “
2220 1278 2297 1350 δε

338 1412 385 1445 “
408 1400 649 1497 juviffe
705 1426 826 1474 eos
878 1423 1279 1475 commeatu
1339 1402 1612 1474 claffem
1651 1400 2008 1475 hostium”
2040 1396 2298 1496 arguit,

340 1532 393 1563 “
426 1526 487 1594 ὅτ
515 1540 868 1617 quantum
892 1519 1043 1593 vini
1080 1520 1560 1618 Polyxenidae
1589 1520 2077 1618 promififfent:
2117 1544 2298 1615 quae

340 1652 391 1683 “
427 1644 469 1713 fi
500 1642 745 1714 eadem
814 1642 995 1714 claffi
1051 1644 1421 1714 Romanae
1478 1643 1745 1727 darent,
1809 1660 2303 1714 revocaturum

341 1771 391 1803 “
428 1760 486 1834 se
518 1788 557 1835 a
616 1758 1071 1859 populatione
1108 1760 1411 1833 militem
1444 1794 1465 1847 3
1533 1763 1627 1833 fin
1667 1760 1929 1847 minuS,
1991 1786 2118 1858 pro
2148 1756 2301 1833 hos-

342 1891 391 1924 “
428 1882 614 1956 tibus
649 1907 769 1954 eos
824 1880 1309 1954 habiturum.''
1408 1882 1582 1953 Hoc
1619 1902 1760 1953 tam
1799 1880 1982 1954 triste
2019 1879 2300 1977 respon-

342 2000 484 2075 sum
521 2027 754 2099 quum
808 2000 1191 2073 retuliffent
1250 1998 1487 2099 legati,
1534 2022 1827 2074 vocatur
1879 1999 1952 2072 in
2011 1999 2300 2074 concio·

348 2148 501 2195 nem
550 2148 593 2195 a
652 2117 1171 2217 magistratibus
1217 2122 1554 2216 populuS,
1618 2141 1725 2206 ut‚·
1776 2119 1956 2216 quid
1991 2140 2299 2217 agerent,

344 2241 827 2315 consultarent.
958 2240 1071 2311 Eo
1136 2236 1314 2312 forte
1380 2238 1854 2335 Polyxenidas
1900 2263 2066 2311 cum
2125 2237 2314 2337 regia

342 2363 525 2441 claffe
583 2388 625 2434 a
676 2358 1099 2457 Colophone
1152 2356 1534 2454 profectuS,
1597 2356 1970 2454 postquam
2019 2356 2310 2431 moviffe

344 2508 383 2554 a
410 2484 617 2555 Samo
652 2482 1025 2553 Romanos
1056 2476 1359 2577 audivit,
1420 2480 1517 2565 ὅτ,
1561 2478 1650 2549 ad
1686 2475 2172 2574 Myonnesum
2201 2476 2308 2575 pi-

344 2622 499 2675 ratas
528 2598 956 2699 persecutos,
1017 2597 1363 2693 Tejorum
1390 2622 1642 2694 agrum
1680 2596 2120 2696 depopulari,
2186 2624 2305 2670 na-

348 2746 452 2794 ves
484 2719 563 2793 in
619 2716 1025 2793 Geraestico
1073 2737 1279 2814 portu
1336 2716 1535 2802 stare,
1599 2715 1741 2813 ipse
1777 2716 2100 2811 adversus
2133 2721 2307 2816 My-

346 2838 682 2914 onnesum
718 2836 795 2911 in
830 2835 1055 2911 insula
1086 2835 1406 2933 (Macrin
1444 2835 1712 2910 nautici
1746 2840 2032 2932 vocant)
2096 2864 2305 2912 anco-

342 2984 437 3033 ras
458 2979 667 3057 portu
706 2957 993 3031 occulto
1008 2955 1207 3051 jecit.
1317 2958 1494 3030 Inde
1517 2982 1607 3030 ex
1629 2957 2036 3055 propinquo
2063 2960 2306 3055 explo-

346 3104 514 3166 rans,
584 3076 769 3175 quid
812 3074 1043 3151 hostes
1078 3096 1387 3174 agerent,
1449 3076 1688 3173 primo
1743 3076 1818 3149 in
1879 3103 2136 3175 magna
2186 3076 2302 3175 spe

346 3196 491 3284 fuit,
528 3196 1151 3296 quemadmodum
1180 3194 1546 3269 Rhodiam
1572 3196 1844 3269 claffem
1868 3198 1958 3269 ad
1987 3199 2307 3285 Samum,

346 3316 793 3393 circumseffis
852 3320 945 3390 ad
994 3316 1272 3389 exitum
1332 3315 1662 3391 faucibus
1713 3338 1980 3414 portuS,
2035 3341 2308 3415 expug-

348 3440 577 3525 nasset,
636 3440 725 3511 fic
761 3440 827 3510 ὅτ
864 3438 1272 3511 Romanam
1309 3456 1913 3537 expugnaturum.
2015 3439 2175 3511 Nec
2209 3436 2310 3510 est

344 3556 689 3631 diffimilis
741 3575 990 3629 natura
1041 3556 1205 3631 loci.
1324 3556 1837 3632 Promontoriis
1886 3556 2310 3632 co'e'untibus

346 3674 521 3751 inter
553 3675 623 3749 se
654 3675 751 3750 ita
784 3675 1140 3750 clauditur
1172 3696 1441 3773 portuS,
1477 3697 1561 3749 ut
1593 3676 1714 3752 vix
1749 3678 1931 3751 duae
1966 3680 2168 3751 simul
2201 3677 2308 3751 in-

346 3798 433 3870 de
490 3822 703 3871 naves
752 3799 1005 3896 poffint
1059 3794 1273 3870 exire.
1392 3798 1628 3871 Noc’te
1683 3822 2026 3894 occupare
2075 3796 2309 3871 fauces

350 3916 819 4015 Polyxenidas
856 3916 931 3991 in
964 3916 1205 3989 animo
1239 3918 1570 4004 habebat,
1625 3923 1721 4005 ὅτ,
1781 3919 1982 3991 denis
2013 3918 2310 3992 navibus

346 4037 431 4109 ad
463 4034 951 4134 promontoria
984 4036 1351 4125 stantibus,
1415 4063 1596 4134 quae
1623 4041 1714 4111 ab
1747 4060 2051 4137 utroque
2085 4064 2306 4113 cornu

352 4155 421 4229 in
454 4161 668 4233 latera
698 4156 1113 4231 exeuntium
1153 4156 1440 4232 navium
1479 4178 1900 4257 pugnarent,
1959 4186 2051 4234 ex
2085 4179 2313 4236 cetera
