3100 5359
841 670 918 743 L
965 692 996 743 1
1055 692 1100 745 Β
1154 693 1200 743 n
1257 692 1304 743 R
1405 667 1762 745 XXXVI.
2202 688 2291 766 15

323 843 735 945 politanum
765 846 1270 921 'cum'duobus
1306 843 1631 921 millibus
1662 840 2045 919 hominum
2078 844 2172 917 ad
2204 846 2298 918 le-

321 968 562 1067 genda
591 967 734 1039 offa
771 966 1269 1041 Macedonum
1304 964 1494 1041 circa
1523 962 2111 1063 Cynoscephalas,
2166 962 2295 1039 ubi

321 1088 766 1161 debellatum
804 1106 951 1160 erat
979 1109 1153 1161 cum
1188 1083 1552 1184 Philippo,
1582 1083 1810 1173 mifit3
1847 1088 1979 1159 five
2006 1086 2097 1159 ab
2124 1082 2301 1183 ips0,

321 1228 710 1304 quaerente
764 1204 891 1281 fibi
925 1204 1631 1281 commendationem
1661 1206 1755 1280 ad
1802 1206 2301 1279 Macedonum

319 1348 614 1427 gentem
648 1330 717 1401 ὅτ
769 1324 1117 1400 invidiam
1155 1323 1331 1424 regi,
1385 1327 1592 1424 quod
1624 1322 2009 1423 insepultos
2042 1322 2303 1398 milites

319 1446 736 1545 reliquiffet,
768 1444 1126 1534 monitus;
1182 1448 1316 1521 five
1343 1448 1436 1522 ab
1461 1444 1657 1520 infita
1680 1444 1968 1543 regibus
1995 1444 2304 1520 vanitate

319 1567 420 1641 ad
453 1566 828 1643 confilium
861 1564 1090 1663 specie
1117 1566 1470 1665 amplum,
1522 1592 1595 1641 re
1632 1564 1867 1655 inane,
1915 1562 2157 1639 animo
2182 1566 2306 1642 ad-

317 1686 542 1783 jecto,
643 1688 1010 1761 Tumulus
1041 1686 1170 1775 est,
1223 1684 1298 1760 in
1332 1711 1567 1761 unum
1600 1687 1887 1775 offibus,
1938 1712 2123 1785 quae
2156 1685 2306 1784 pas-

329 1810 460 1881 fim
509 1806 714 1883 strata
757 1830 977 1897 erant,
1029 1805 1480 1895 coacervatis,
1533 1804 1759 1883 faetus
1780 1839 1807 1895 3
1859 1805 1988 1905 qui
2037 1806 2306 1881 nullam

323 1928 626 2028 gratiam
655 1928 750 2003 ad
783 1928 1254 2016 Macedonas»,
1305 1924 1563 2012 odium
1596 1926 1849 2025 ingens
1892 1929 1985 2002 ad
2034 1926 2306 2025 Philip·

327 2076 512 2148 pum
547 2046 797 2123 movit.
904 2050 1184 2148 Itaque,
1234 2046 1365 2145 qui
1399 2047 1490 2122 ad
1525 2045 1606 2121 id
1640 2068 1921 2146 tempus
1946 2045 2307 2123 fortunam

329 2169 497 2243 effet
525 2167 600 2243 in
627 2167 918 2243 confilio
949 2165 1346 2257 habituruS,
1383 2165 1441 2241 is
1469 2166 1834 2265 extemplo
1856 2168 1949 2242 ad
1984 2169 2103 2241 Μ.
2140 2169 2309 2242 Bae-

327 2287 542 2365 bium
575 2308 1098 2387 propraetorem
1133 2284 1342 2377 mifit,
1397 2295 1447 2330 “
1485 2286 1940 2369 Antiochum
1974 2286 2051 2361 in
2084 2286 2307 2363 Thes-

329 2417 384 2451 “
421 2406 666 2483 saliam
697 2406 1030 2506 inpetum
1062 2404 1319 2483 feciffe.
1419 2406 1494 2483 Si
1524 2406 1887 2483 videretur
1918 2406 2013 2496 ei,
2068 2434 2308 2485 move-

333 2538 385 2572 “
423 2548 528 2601 ret
579 2552 672 2601 ex
723 2526 1080 2603 hibernis:
1153 2525 1220 2602 se
1271 2525 1561 2603 obviam
1627 2531 2137 2626 proceffurum,
2198 2548 2306 2618 ut,

333 2658 387 2691 “
422 2645 608 2747 quid
639 2648 1002 2747 agendum
1037 2648 1230 2735 effet,
1281 2645 1819 2725 consultarent.”

433 2770 570 2843 IX.
673 2766 1069 2856 Antiocho,
1119 2769 1212 2840 ad
1245 2768 1502 2841 Pheras
1535 2767 1689 2863 jam
1735 2768 1953 2843 castra
1994 2770 2313 2860 habenti,

335 2888 468 2964 ubi
503 2887 1017 2985 conjunxerant
1060 2885 1126 2960 ei
1173 2884 1240 2961 se
1273 2885 1518 2961 Aetoli
1554 2890 1625 2963 ὅτ
1668 2891 2161 2987 Amynander,
2212 2893 2312 2966 le-

335 3009 482 3111 gati
541 3012 636 3086 ab
693 3006 962 3083 Larifl‘a
1011 3027 1394 3113 venerunt,
1437 3028 1881 3105 quaerentes,
1953 3013 2155 3110 quod
2214 3014 2312 3087 ob

337 3128 610 3203 fastum
637 3126 1004 3205 dictumve
1031 3128 1526 3201 Thessalorum
1558 3128 1747 3201 bello
1772 3130 2121 3205 lacefferet
2148 3134 2311 3207 eos?

334 3252 544 3325 fimul
571 3268 872 3336 orantes,
922 3268 1032 3335 ut,
1085 3266 1358 3321 remoto
1391 3245 1741 3337 exercitu,
1791 3272 1921 3346 per
1940 3250 2232 3350 legatos,
2268 3255 2337 3347 si

333 3369 526 3471 quid
587 3368 656 3445 ei
715 3366 1102 3455 videretur,
1173 3364 1416 3443 secum
1479 3365 1919 3465 disceptaret.
2032 3372 2317 3447 Eodem

331 3490 660 3589 tempore
713 3486 1147 3587 quingentos
1197 3507 1522 3575 armatos,
1549 3487 1761 3563 -duce
1813 3486 1922 3564 Hi
1926 3491 2315 3588 ppoloch0,

331 3612 606 3689 Pheras
639 3608 715 3683 in
749 3606 1172 3705 praefidium
1207 3604 1589 3681 miserunt:
1643 3606 1747 3695 hi,
1799 3610 2059 3685 exclufi
2086 3610 2315 3700 aditu,

321 3733 482 3829 jam
529 3728 775 3805 omnia
818 3726 1068 3805 itinera
1109 3726 1595 3805 obfidentibus
1644 3728 1879 3828 regiis,
1928 3731 2319 3807 Scotufl'am

339 3851 414 3928 se
447 3868 892 3948 receperunt.
992 3846 1286 3947 Legatis
1315 3845 1833 3923 Larifl‘aeorum
1859 3875 1983 3924 rex
2010 3851 2317 3925 clemen·

337 3992 450 4049 ter
480 3968 871 4070 respondit,
923 3977 974 4013 ‘⁸
1013 3970 1188 4043 Non
1241 3966 1412 4043 belli
1459 3965 1793 4057 faciendi,
1845 3966 1966 4043 sed
2013 3971 2317 4045 tuendae

345 4100 400 4163 ἕ*
441 4095 510 4168 δε
543 4087 1006 4171 stabiliendae
1039 4086 1378 4183 libertatis
1410 4088 1903 4169 Thessalorum
1948 4092 2200 4178 cauffa,
2252 4090 2319 4165 se
