3100 5359
814 680 948 751 106
1458 683 2111 757 T.L1v11

802 854 937 926 bus
992 851 1215 952 copiis
1266 854 1660 930 exercitum
1716 858 2134 931 Romanum
2167 853 2243 927 ὅτ.
2275 854 2460 929 duos
2493 854 2762 956 Scipio-

803 997 923 1045 nes
955 971 1401 1070 imperatores
1428 974 1716 1050 videbat
1743 974 2054 1050 sustineri
2093 966 2237 1050 non
2269 976 2459 1073 poffe
2483 1008 2514 1062 3
2545 1000 2764 1073 quam

801 1094 1004 1189 quod
1056 1118 1163 1166 res
1214 1094 1475 1168 navalis
1530 1093 1673 1193 ipsa
1717 1121 1841 1194 per
1888 1094 1956 1170 se
1995 1117 2118 1170 aut
2147 1115 2408 1169 tentata
2439 1094 2565 1169 fibi
2603 1122 2758 1171 urn-

800 1237 1018 1308 quam
1046 1211 1367 1300 feliciter,
1404 1234 1527 1288 aut
1560 1233 1731 1288 tunc
1763 1240 2056 1313 magnae
2099 1220 2166 1288 ὅτ
2201 1216 2428 1289 certae
2461 1216 2765 1290 fiduciae

796 1331 980 1403 effer.
1085 1333 1250 1405 Erat
1302 1354 1537 1407 tamen
1571 1355 2017 1407 momentum
2067 1333 2140 1407 in
2169 1332 2552 1432 praesentia
2585 1335 2755 1433 spei,

801 1451 1000 1547 quod
1029 1455 1098 1524 &
1134 1478 1464 1550 magnam
1491 1474 1760 1549 partem
1797 1452 2129 1527 Rhodiae
2161 1456 2378 1527 claflis
2414 1452 2602 1530 circa
2635 1459 2765 1530 Pa-

798 1590 940 1643 tara
987 1571 1147 1657 effe,
1208 1571 1283 1643 &
1340 1574 1744 1663 Eumenem
1790 1598 2028 1671 regem
2063 1598 2234 1656 cum
2269 1573 2610 1650 omnibus
2643 1603 2762 1650 na-

798 1688 1009 1763 vibus
1060 1687 1199 1763 suis
1253 1689 1523 1765 consuli
1577 1690 1864 1765 obviam
1899 1692 1976 1765 in
2020 1692 2571 1791 Hellespontum
2606 1721 2765 1794 pro-

799 1808 1067 1883 ibetum
1100 1809 1438 1884 audierat.
1538 1810 1845 1908 Aliquid
1887 1811 2098 1885 etiam
2146 1811 2433 1888 inflabat
2493 1813 2768 1889 animos

798 1931 1013 2003 claffis
1066 1928 1385 2015 Rhodia,
1438 1930 1527 2003 ad
1562 1932 1860 2005 Samum
1893 1956 2016 2028 per
2049 1936 2485 2007 occasionem
2519 1932 2766 2008 fraude

796 2071 1277 2148 praeparatam
1340 2049 1684 2125 absumta.
1803 2050 1951 2125 His
2006 2050 2250 2139 fretus,
2329 2053 2772 2149 Polyxenida

797 2196 966 2245 cum
1020 2172 1221 2244 claffe
1277 2172 1369 2245 ad
1426 2172 1836 2245 tentandam
1875 2171 2075 2245 omni
2109 2173 2332 2246 modo
2363 2171 2766 2247 certaminis

798 2289 1155 2365 fortunam
1200 2289 1429 2378 miffo,
1476 2288 1619 2388 ipse
1655 2289 1894 2389 copias
1921 2292 2012 2381 ad
2041 2290 2352 2365 Notium
2387 2292 2635 2366 ducit:
2691 2293 2766 2367 id

796 2408 1146 2508 oppidum
1203 2408 1768 2508 Colophonium,
1825 2409 2000 2483 mari
2050 2407 2432 2497 inminens,
2499 2412 2768 2487 abesta

794 2550 1025 2605 vetere
1078 2530 1497 2628 Colophone
1552 2530 1700 2602 duo
1754 2528 1974 2603 ferme
2007 2528 2230 2602 millia
2277 2531 2635 2626 paffuum:
2695 2534 2768 2606 ὅτ

798 2646 1017 2746 ipsam
1045 2652 1296 2723 urbem
1333 2647 1493 2721 suae
1518 2649 1651 2721 effe
1678 2647 2030 2745 potestatis
2063 2649 2370 2735 volebat,
2405 2650 2585 2723 adeo
2603 2676 2764 2748 pro·

792 2768 1141 2869 pinquam
1210 2766 1515 2865 Ephes0‚
1575 2788 1656 2841 ut
1719 2766 1899 2840 nihil
1955 2786 2130 2840 terra
2171 2765 2435 2841 marive
2495 2789 2759 2867 ageret,

792 2888 995 2985 quod
1053 2912 1200 2960 non
1255 2885 1646 2983 subjeetum
1705 2886 1928 2961 oculis
1978 2886 2622 2983 Colophoniorum,
2676 2914 2760 2962 ac

791 3033 916 3106 per
975 3032 1095 3081 eos
1160 3027 1417 3081 notum
1469 3009 1832 3103 extemplo
1884 3005 2232 3081 Romanis
2251 3076 2259 3083 .
2277 3008 2484 3080 effetz
2557 3031 2763 3105 qu03,

792 3126 1035 3203 audita
1088 3126 1479 3212 obfidione,
1536 3152 1680 3201 non
1741 3125 2116 3202 dubitabat
2162 3129 2256 3202 ad
2287 3152 2504 3224 opem
2533 3124 2760 3203 feren-

790 3250 959 3322 dam
995 3245 1219 3321 sociae
1252 3246 1417 3321 urbi
1447 3248 1725 3321 classem
1777 3274 1818 3321 a
1862 3248 2072 3323 Samo
2129 3266 2472 3321 moturos.
2580 3248 2762 3321 Eam

791 3370 1225 3442 occasionem
1284 3365 1765 3464 Polyxenidae
1821 3368 1912 3439 ad
1965 3392 2116 3441 rem
2161 3360 2544 3466 gerendam
2589 3365 2759 3441 fore.

791 3484 1045 3585 Igitur,
1110 3485 1441 3585 operibus
1478 3488 1908 3584 ‘obpugnare
1964 3488 2216 3561 urbem
2251 3487 2632 3584 adgreffus,
2693 3491 2760 3561 ὅτ

788 3609 883 3682 ad
910 3634 1100 3681 mare
1134 3606 1445 3703 partibus
1471 3607 1750 3679 duabus
1784 3604 2040 3702 pariter
2075 3603 2601 3679 munitionibus
2638 3607 2759 3678 de·

792 3726 1049 3813 duCtis,
1078 3725 1435 3825 utrimque
1456 3724 1696 3799 vineas
1721 3724 1792 3796 &
1821 3750 2148 3823 aggerem
2183 3750 2391 3799 muro
2421 3724 2756 3819 injunxit,

790 3849 861 3920 8τ
907 3845 1380 3920 testudinibus
1434 3844 1680 3919 arietes
1733 3845 2074 3919 admovit.
2185 3844 2476 3944 Qibus
2537 3844 2760 3919 territi

789 3964 991 4041 malis
1045 3964 1477 4063 Colophonii
1524 3984 1826 4038 oratores
1859 3968 2150 4038 Samum
2183 3966 2271 4038 ad
2327 3968 2420 4039 L.
2455 3964 2760 4038 Aemili·

788 4112 945 4175 um,
998 4086 1217 4161 fidem
1251 4084 1583 4186 praetoris
1615 4082 2010 4185 populique
2044 4083 2358 4161 Romani
2393 4084 2753 4186 inploran-
