3100 5359
769 755 914 830 342
1435 727 2078 802 T.L1v11

771 899 966 976 “ibi
1013 903 1152 976 fine
1229 896 1450 974 ullius
1508 895 1767 995 injuria
1822 897 2228 976 consedifl‘e.
2358 899 2747 999 Oppidum

769 1029 824 1066 “
860 1045 1158 1122 quoque
1189 1017 1561 1095 aedificare
1586 1017 1931 1119 coepifl‘e:
1990 1021 2196 1119 quod
2228 1017 2585 1094 indicium
2636 995 2743 1094 ef-

766 1150 820 1186 “
857 1141 983 1230 set,
1031 1167 1162 1216 nec
1195 1166 1393 1240 agro,
1423 1165 1557 1215 nec
1590 1137 1757 1215 urbi
1788 1138 1919 1214 ulli
1951 1139 2104 1215 vim
2138 1141 2493 1215 adlaturos
2515 1140 2747 1216 venis·

767 1269 821 1305 “
858 1260 950 1337 se.
1047 1263 1308 1360 Nuper
1367 1261 1485 1335 M.
1513 1257 1907 1336 Claudium
1950 1263 2044 1336 ad
2085 1259 2153 1336 se
2202 1258 2554 1336 nuncium
2604 1259 2747 1336 mi-

767 1389 820 1426 “
856 1383 1024 1470 fifi'e,
1087 1383 1359 1456 bellum
1403 1377 1470 1456 se
1515 1407 1689 1456 cum
1742 1379 1855 1470 iis,
1916 1379 1990 1455 ni
2020 1379 2471 1471 dederentur,
2504 1381 2741 1482 gestu-

765 1509 821 1546 “
858 1525 1042 1576 rum.
1139 1503 1256 1589 Se,
1315 1521 1605 1590 certam,
1666 1504 1783 1576 etfi
1836 1527 1981 1576 non
2012 1499 2418 1600 speciosam,
2458 1527 2743 1602 pacem,

763 1627 820 1664 “
855 1645 1076 1718 quam
1131 1618 1398 1696 incerta
1451 1621 1648 1712 belli,
1707 1639 2217 1721 praeoptantes,
2278 1619 2625 1696 dedidiffe
2668 1621 2745 1698 se

765 1749 819 1786 ‘⁸
851 1739 1051 1839 prius
1086 1739 1162 1815 in
1197 1741 1446 1829 fidem,
1479 1767 1703 1840 quam
1730 1738 1807 1815 in
1832 1737 2274 1840 potestatem,
2302 1742 2551 1841 populi
2580 1743 2743 1818 Ro-

765 1871 818 1908 “
853 1861 1073 1938 mani.
1173 1861 1342 1936 Post
1373 1886 1636 1958 paucos
1669 1859 1847 1950 dies,
1894 1861 2115 1959 jufl'os
2144 1861 2223 1934 δι
2253 1887 2425 1962 agro
2452 1863 2529 1935 δε
2552 1866 2743 1938 urbe

763 1991 816 2028 “
853 1982 1223 2069 decedere,
1277 1977 1414 2055 sese
1447 1979 1695 2054 tacitos
1744 1979 1963 2070 abire,
2016 2007 2167 2079 quo
2206 2001 2541 2057 terrarum
2576 1983 2739 2082 pos·

764 2111 818 2148 “
854 2101 1032 2191 sent,
1091 2101 1166 2176 in
1229 2099 1471 2174 animo
1527 2098 1867 2174 habuiffe.
1966 2103 2193 2177 Arma
2254 2101 2519 2177 deinde
2578 2103 2739 2193 fibi,

757 2230 810 2266 “
847 2225 916 2295 ὅτ
937 2221 1292 2319 postremo
1319 2216 1563 2294 omnia
1579 2218 1739 2308 alia,
1774 2245 1959 2318 quae
1984 2219 2249 2296 ferrent.
2268 2242 2732 2322 agerentque,

763 2351 817 2388 “
851 2343 1156 2418 ademta.
1253 2342 1474 2414 Orare
1495 2337 1562 2413 se
1583 2337 1901 2416 senatum
1928 2343 2425 2440 populumque
2459 2344 2745 2418 Roma-

761 2471 816 2506 “
851 2487 1058 2548 num,
1109 2485 1198 2534 ne
1231 2457 1308 2533 in
1341 2457 1408 2534 se
1439 2459 1769 2534 innoxios
1801 2461 2083 2536 deditos
2115 2461 2458 2551 acerbius,
2512 2489 2747 2562 quam

761 2589 815 2627 “
850 2579 928 2654 in
954 2579 1210 2669 hoster„
1257 2577 1665 2655 saevirent.”
1762 2580 1971 2657 Huic
1998 2581 2299 2656 orationi
2331 2581 2603 2664 senatus
2636 2584 2751 2660 ita

759 2697 1160 2799 responderi
1225 2697 1468 2794 juffitz
1550 2709 1604 2743 ‘⁶
1640 2701 1904 2799 Neque
1988 2701 2143 2776 illos
2217 2705 2402 2777 recte
2471 2701 2745 2793 feciss'e,

761 2827 815 2863 ‘⁸
847 2841 1082 2916 quum
1117 2817 1194 2892 in
1227 2816 1504 2893 Italiam
1533 2818 1882 2909 venerint,
1928 2820 2427 2920 oppidumque
2460 2819 2537 2897 in
2566 2823 2745 2900 alie·

759 2945 814 2982 ‘⁸
849 2963 946 3012 no
1004 2963 1202 3038 agro,
1255 2937 1521 3014 nullius
1574 2939 1889 3014 Romani
1950 2941 2414 3041 magistratuS,
2477 2942 2606 3040 qui
2668 2946 2747 3019 ei

757 3068 812 3104 “
846 3055 1252 3158 provinciae
1279 3059 1637 3157 praeeffet,
1685 3059 2045 3158 permiffu,
2095 3061 2463 3138 aedificare
2492 3065 2743 3139 conati

757 3187 813 3223 “
847 3177 984 3252 fint
1004 3207 1026 3252 ε
1109 3203 1347 3278 neque
1399 3176 1668 3254 senatui
1732 3181 2032 3279 placere,
2086 3182 2369 3258 deditos
2417 3180 2735 3282 spoliari.

757 3305 814 3341 “
850 3299 1100 3396 Itaque
1133 3296 1203 3372 se
1236 3323 1408 3372 cum
1433 3295 1519 3372 iis
1551 3300 1819 3400 legatos
1852 3301 1945 3377 ad
1972 3300 2335 3378 consulem
2360 3302 2691 3380 miffuros
2706 3339 2740 3394 3

757 3425 812 3460 ‘⁸
848 3416 1006 3515 qui,
1065 3421 1114 3492 fi
1165 3419 1481 3509 redeant,
1537 3420 1737 3496 unde
1793 3419 2143 3512 venerint,
2194 3421 2439 3498 omnia
2480 3423 2567 3500 iis
2608 3423 2744 3501 sua

753 3544 807 3582 ‘¹‘
842 3535 1046 3611 reddi
1053 3537 1396 3632 jubeant3
1425 3539 1700 3639 quique
1726 3539 2051 3640 protinus
2076 3561 2239 3617 eant
2266 3564 2453 3619 trans
2474 3545 2737 3643 Alpes,

755 3665 810 3700 “
849 3654 925 3728 δι
967 3657 1406 3733 denuncient
1460 3658 1757 3736 Gallicis
1801 3661 2113 3762 populis,
2180 3662 2739 3741 multitudinem

755 3783 810 3820 “
846 3775 1043 3852 suam
1075 3777 1278 3853 domi
1307 3777 1741 3856 contineant.
1839 3783 2062 3882 Alpes
2092 3807 2315 3883 prope
2348 3781 2737 3883 inexsupe-

754 3905 808 3942 “
843 3897 1138 3972 rabilem
1188 3899 1407 3974 finem
1453 3898 1529 3972 in
1576 3898 1822 3976 medio
1870 3904 2028 3977 effe.
2127 3905 2305 3978 Non
2348 3903 2605 4003 utique
2636 3903 2735 3980 iis

755 4025 810 4062 ‘⁸
845 4017 1101 4094 melius
1150 4017 1330 4106 fore,
1389 4043 1611 4117 quam
1645 4019 1775 4118 qui
1808 4047 1923 4096 eas
1952 4021 2169 4120 primi
2199 4023 2469 4122 pervias
2520 4023 2731 4100 fecis-

752 4144 804 4182 “
837 4136 1057 4215 sent.”
1169 4137 1429 4240 Legati
1475 4139 1657 4216 miffi
1714 4143 1811 4218 L.
1845 4141 2101 4220 Furius
2151 4146 2552 4246 Purpureo,
2622 4149 2749 4248 Q
