3100 5359
871 753 944 828 L
998 779 1025 826 1
1086 778 1128 828 B
1187 778 1230 828 ε
1288 779 1336 829 ιι
1438 754 1872 840 xxxvm.
1994 703 2009 716 ’
2206 779 2347 858 225

470 925 640 1008 XL.
692 925 838 1012 His
869 925 1275 1009 foederibus
1300 927 1735 1028 decretisque
1758 930 1963 1020 datis,
1988 931 2338 1022 Manlius,

361 1071 543 1122 cum
593 1047 850 1132 decem
902 1047 1149 1147 legatis
1201 1049 1548 1148 omnique
1584 1050 1900 1125 exercitu
1934 1053 2025 1125 ad
2060 1051 2338 1128 Helles-

363 1185 674 1263 pontum
733 1166 1114 1264 proferans,
1169 1170 1476 1246 evocatis
1513 1197 1601 1251 eo
1638 1170 1898 1270 regulis
1935 1172 2336 1262 Gallorum,

365 1285 585 1383 leges,
671 1285 940 1384 quibus
1017 1313 1270 1385 pacem
1336 1315 1506 1369 cum
1575 1292 1901 1368 Eumene
1968 1290 2337 1382 servarent,

367 1403 604 1492 dixin
677 1406 1306 1508 denunciavitquffi
1374 1431 1458 1484 ut
1508 1435 1783 1487 morem
1826 1411 2133 1510 vagandi
2166 1437 2341 1491 cum

362 1525 578 1608 armis
628 1527 936 1618 finirent,
1009 1553 1489 1628 agrorumque
1550 1528 1841 1605 suorum
1894 1529 2213 1607 terminis
2272 1529 2341 1610 se

365 1645 836 1730 continerent.
935 1647 1334 1724 Contractis
1379 1647 1643 1725 deinde
1696 1677 1785 1725 ex
1834 1651 2034 1738 omni
2066 1677 2187 1726 ora
2219 1678 2340 1738 na·

365 1763 606 1854 vibus,
649 1767 728 1842 az
791 1766 1138 1853 Eumenis
1200 1767 1411 1844 etiam
1461 1770 1661 1846 claffe
1700 1797 1827 1870 per
1880 1771 2337 1856 Athenaeum

366 1884 650 1968 fratrem
703 1886 887 1988 regis
931 1890 1023 1964 ab
1071 1890 1283 1963 Elaea
1315 1891 1651 1979 adducta,
1712 1889 1949 1989 copias
1979 1916 2227 1964 omnes
2260 1889 2339 1967 in

377 2008 745 2104 Europam
766 2007 1053 2106 trajecit.
1121 2010 1326 2098 Inde,
1361 2036 1485 2107 per
1503 2008 2013 2086 Chersonesum
2034 2007 2341 2087 modicis

368 2123 749 2204 itineribus
791 2155 1008 2228 grave
1043 2131 1303 2226 praeda
1334 2130 1571 2206 omnis
1604 2131 1877 2230 generis
1910 2156 2171 2230 agmen
2204 2150 2339 2205 tra·

365 2246 570 2334 bens,
597 2249 1084 2347 Lysimachiae
1121 2249 1362 2326 stativa
1395 2250 1694 2339 habuit3
1748 2270 1830 2326 ut
1860 2277 2079 2350 quam
2115 2250 2339 2326 maxi-

361 2389 484 2448 me
519 2367 923 2448 recentibus
957 2367 1345 2469 &integris
1365 2370 1715 2467 jumentis
1742 2369 2157 2460 Thraciam,
2216 2394 2342 2468 per

363 2511 594 2583 quam
655 2488 788 2567 iter
837 2491 1060 2589 vulgo
1109 2493 1514 2579 horrebant,
1560 2491 2069 2590 ingrederetur.
2166 2495 2343 2590 Qm

365 2609 730 2710 profectus
789 2609 888 2684 est
926 2613 1016 2686 ab
1049 2610 1498 2708 Lysimachia
1530 2611 1677 2700 die,
1706 2613 1795 2686 ad
1824 2637 2135 2700 amnem,
2173 2613 2341 2689 Me-

365 2738 534 2808 lana
549 2756 770 2830 quem
805 2751 1090 2819 vocant,
1116 2730 1285 2808 inde
1317 2731 1595 2829 postero
1623 2731 1740 2818 die
1773 2731 2071 2830 Cypsela
2096 2757 2341 2829 perve-

363 2851 499 2928 nit.
605 2855 678 2930 A
713 2849 1026 2949 Cypselis
1054 2850 1167 2926 via
1197 2853 1448 2928 decem
1477 2851 1789 2938 millium
1824 2851 1965 2926 fere
1992 2852 2338 2944 filvestris,

363 2969 688 3071 angusta.
773 2969 1178 3070 confragosa
1235 2970 1660 3069 excipiebat.
1788 2974 2081 3070 Propter
2138 2973 2342 3068 cujus

367 3091 868 3172 difficultatem
899 3089 1169 3174 itineris
1199 3091 1274 3164 in
1301 3093 1478 3165 duas
1511 3112 1741 3189 partes
1776 3090 2041 3166 divisus
2075 3092 2339 3168 exerci-

361 3233 507 3290 ωε.
612 3214 710 3288 Et
743 3213 1155 3309 praecedere
1188 3237 1329 3296 una
1341 3211 1548 3307 juffa,
1606 3214 1819 3286 altera
1841 3239 2106 3311 magno
2130 3211 2341 3289 inter·

369 3333 556 3410 vallo
610 3358 864 3432 cogere
909 3357 1194 3430 agmen,
1249 3329 1490 3417 med-ia
1525 3331 2009 3430 inpedimenta
2037 3333 2339 3431 interpo-

357 3451 546 3534 suit:
584 3451 889 3551 plaustra
915 3477 1084 3534 cum
1119 3449 1424 3550 pecunia
1439 3451 1737 3550 publica
1754 3475 1975 3544 erant,
2008 3451 2339 3551 pretiosa-

359 3599 518 3672 que
567 3571 702 3650 alia
751 3572 1028 3670 praeda.
1123 3574 1406 3670 Itaque,
1457 3597 1691 3670 quum
1730 3597 1858 3669 per
1886 3573 2145 3656 saltum
2178 3574 2335 3668 iret,

369 3695 743 3771 Thracum
787 3691 1038 3768 decem
1085 3693 1280 3776 haud
1313 3692 1622 3790 amplius
1650 3691 1875 3772 millia
1910 3721 2002 3784 ex
2038 3715 2343 3794 quatuor

365 3811 684 3913 populis,
741 3811 952 3900 Astii,
988 3816 1056 3886 ὅτ
1093 3810 1340 3900 Caeni,
1370 3816 1438 3886 &
1477 3813 1929 3902 Maduateni,
1966 3815 2041 3887 &
2071 3815 2341 3908 Coreli,

365 3935 458 4016 ad
493 3931 678 4032 ipsas
727 3931 1078 4034 angustias
1113 3931 1298 4009 viam
1337 3931 1963 4015 circumsederunt.
2068 3935 2340 4034 Opinio

365 4075 542 4142 erat,
575 4079 722 4133 non
759 4056 896 4128 fine
923 4051 1242 4151 Philippi
1267 4052 1452 4152 regis
1479 4055 1979 4138 Macedonum
2000 4054 2243 4132 fraude
2262 4056 2345 4144 id

375 4171 664 4251 factum.
721 4175 915 4248 Eum
935 4170 1154 4262 sciffe,
1169 4199 1318 4250 non
1345 4154 1504 4263 alia,
1531 4199 1752 4274 quam
1773 4200 1898 4273 per
1924 4176 2336 4265 Thraciam,

1334 4299 1451 4394 Q
