3100 5359
819 762 893 833 L
945 785 975 833 1
1034 784 1075 833 Β
1133 784 1181 834 E
1238 784 1285 833 R
1390 762 1784 836 XXXVII.
2189 790 2318 864 133

357 942 405 977 “
440 934 861 1021 habemus,”
894 932 1133 1033 inquit
1184 935 1482 1026 Zeuxis,
1544 948 1596 981 “
1633 962 1852 1036 quam
1900 956 1984 1011 ut
2033 962 2076 1011 a
2117 937 2321 1014 vobis

360 1063 407 1097 “
441 1079 889 1152 quaeramus,
933 1054 1275 1145 Romani,
1331 1082 1481 1155 quo
1514 1055 1796 1155 piaculo
1828 1056 2108 1156 expiare
2139 1082 2324 1132 erro·

358 1183 407 1217 ‘⁸
438 1198 589 1247 rem
622 1172 833 1273 regis,
897 1201 1143 1273 pacem
1177 1176 1605 1277 veniamque
1641 1177 2010 1276 impetrare
2031 1204 2072 1251 a
2099 1177 2320 1253 visto·

356 1303 405 1336 “
438 1292 633 1369 ribus
661 1297 1021 1392 poflimus.
1121 1296 1457 1372 Maximo
1510 1297 1780 1396 semper
1834 1296 2076 1372 animo
2117 1297 2324 1373 vid-‘tis

358 1424 405 1459 “
440 1413 729 1516 regibus
763 1414 1191 1515 populisque
1226 1417 1615 1517 ignovistis.
1714 1424 2010 1519 Qnanto
2064 1417 2142 1493 id
2175 1446 2324 1494 ma·

356 1545 405 1579 “
428 1536 582 1631 jore
618 1539 689 1610 &
736 1536 1113 1635 placatiore
1150 1538 1393 1612 animo
1428 1539 1636 1613 decet
1667 1566 1794 1613 vos
1829 1538 2053 1615 facere
2083 1538 2158 1613 in
2187 1541 2322 1615 hac

356 1666 405 1699 “
438 1655 759 1745 victoria,
794 1684 978 1756 quae
1004 1685 1134 1734 vos
1169 1658 1501 1733 dominos
1521 1659 1712 1734 orbis
1734 1650 2070 1735 terrarum
2099 1660 2322 1735 fecit?

354 1784 401 1821 “
434 1776 679 1852 Positis
708 1778 865 1873 jam
891 1777 1215 1853 adversus
1260 1806 1509 1854 omnes
1542 1782 1870 1855 mortales
1923 1780 2321 1863 certamini,-

357 1906 405 1941 “
436 1900 601 1986 buS,
635 1900 833 1973 haud
857 1898 1054 1975 secus
1076 1924 1297 1998 quam
1322 1902 1543 1987 Deos,
1597 1900 1954 1975 consulere
1984 1905 2051 1975 ὅτ
2086 1926 2323 1999 parce-

350 2026 399 2061 “
434 2043 507 2093 re
550 2044 681 2092 vos
738 2018 981 2118 generi
1033 2022 1352 2093 humano
1423 2024 1770 2119 oportet.”
1896 2023 2061 2116 Jam
2133 2042 2326 2113 ante²

347 2162 565 2237 quam
588 2137 802 2238 legati
836 2138 1185 2227 venirent,
1218 2141 1588 2215 decretum
1623 2162 1792 2229 erat,
1829 2139 2012 2239 quid
2043 2140 2324 2241 respon-

350 2260 656 2335 deretur.
760 2258 1221 2357 Respondete
1276 2259 1704 2336 Africanum
1757 2259 2048 2358 placuit.
2149 2261 2216 2334 Is
2248 2260 2324 2335 in

350 2380 543 2455 hunc
600 2380 907 2454 modum
951 2382 1235 2455 locutus
1296 2378 1550 2455 fertur:
1609 2392 1658 2425 ‘⁶
1697 2381 2017 2457 Romani
2065 2407 2156 2455 ex
2209 2381 2323 2472 iis,

352 2509 399 2543 ‘⁸
434 2526 619 2599 quae
678 2499 753 2573 in
809 2502 1051 2575 Defim
1087 2499 1575 2575 inmortalium
1610 2502 1942 2599 potestate
1977 2522 2197 2590 erant,
2245 2530 2327 2577 ea

354 2630 400 2664 “
434 2622 814 2708 habemuS,
877 2644 1060 2720 quae
1116 2620 1245 2695 Dii
1312 2623 1688 2696 dederunt.
1789 2622 2125 2711 AnimOS,
2195 2622 2325 2721 qui

354 2750 401 2784 ‘⁴
436 2740 706 2815 nostrae
758 2740 1019 2815 mentis
1075 2740 1262 2829 sunt,
1308 2740 1594 2816 eosdem
1652 2742 1724 2817 in
1779 2741 1998 2817 omni·
2041 2743 2328 2819 fortuna

352 2870 399 2904 ‘⁶
431 2864 788 2961 geflimuS,
824 2860 1321 2960 gerimusque:
1378 2888 1612 2961 neque
1661 2890 1781 2937 eos
1825 2863 2174 2939 secundae
2216 2892 2324 2941 res

354 2991 402 3025 “
434 2983 877 3069 extulerunt,
909 3007 1043 3057 nec
1076 2980 1399 3056 adversae
1426 2982 1864 3058 minuerunt.
1969 2985 2142 3081 Ejus
2195 2985 2323 3076 rei,

354 3113 402 3146 “
436 3125 519 3178 ut
570 3101 745 3179 alios
807 3100 1165 3189 omittam,
1218 3101 1710 3177 Hannibalem
1760 3104 2072 3179 vestrum
2119 3107 2327 3182 vobis

352 3234 399 3267 ‘⁸
432 3225 677 3299 darem
702 3222 976 3312 testem,
1007 3220 1133 3297 nifi
1166 3221 1499 3321 vosipsos
1532 3224 1699 3298 dare
1733 3226 2023 3323 poffem.
2123 3228 2328 3303 Post-

352 3354 399 3387 “
432 3370 659 3443 quam
739 3342 1295 3442 Hellespontum
1388 3343 1814 3441 trajecimus,
1916 3346 2326 3447 priusquam

352 3474 399 3509 “
433 3465 649 3540 castra
682 3462 1316 3564 regia,priusquam
1350 3464 1579 3540 aciem
1625 3466 2056 3555 videremus,
2092 3491 2326 3567 quum

354 3596 399 3629 “
432 3584 845 3661 communis
898 3587 1105 3659 Mars
1152 3589 1221 3658 δι
1257 3585 1568 3661 incertus
1595 3586 1765 3662 belli
1801 3610 2096 3663 eventus
2135 3592 2325 3680 effet,

355 3714 401 3750 “
436 3709 529 3781 de
556 3732 729 3806 pace
766 3704 975 3781 vobis
1008 3703 1413 3804 agentibus,
1472 3732 1646 3805 quas
1679 3732 1875 3805 pares
1909 3710 2192 3807 paribus
2226 3711 2328 3786 fe-

354 3834 399 3869 “
431 3830 759 3903 rebamus
789 3825 1267 3915 conditiones,
1310 3824 1592 3904 easdem
1621 3854 1818 3903 nunc
1849 3829 2148 3906 victores
2179 3832 2327 3908 vic-

354 3956 403 3991 “
434 3946 523 4021 tis
554 3945 875 4021 ferimus.
978 3950 1269 4045 Europa
1310 3946 1680 4036 abstinete,
1742 3936 2046 4049 Asiaque
2101 3952 2329 4042 omni,

354 4076 403 4111 ‘⁸
434 4094 619 4166 quae
666 4066 769 4143 cis
816 4069 1148 4144 Taurum
1198 4090 1519 4143 montem
1552 4068 1678 4158 est,
1739 4071 2087 4147 decedite.
2190 4076 2330 4147 Pro

356 4196 403 4232 “
436 4187 743 4297 inpenfis
763 4186 1027 4265 deinde
1062 4187 1139 4263 in
1172 4190 1445 4265 bellum
1470 4186 1672 4265 factis
1708 4190 2128 4289 quindecim
2163 4192 2326 4270 mil-
