3100 5359
711 707 856 758 200
1373 681 2013 758 T.L1v11

709 855 1114 944 clauserant,
1163 853 1528 954 legionum
1565 853 1989 954 antefignani
2026 854 2169 953 pila
2196 855 2675 952 conjecerunt.

711 975 823 1050 Hi
873 1001 1036 1050 vero
1095 1001 1235 1048 non
1301 977 1872 1062 vulnerabantur,
1924 974 2071 1062 sed,
2120 974 2679 1050 transverberatis

711 1095 946 1182 scutis,
1003 1095 1320 1194 plerique
1375 1096 1558 1169 inter
1612 1093 1679 1170 se
1730 1094 2028 1171 conserti
2072 1097 2487 1170 haerebant:
2538 1121 2677 1170 nec

709 1215 980 1290 diutius
1017 1215 1341 1313 inpetum
1375 1219 1871 1290 Romanorum
1907 1213 2401 1290 sustinuerunt.

808 1337 1087 1410 XXIII.
1190 1335 1605 1412 Parentibus
1625 1337 1777 1432 jam
1810 1333 2049 1432 portiS,
2114 1333 2531 1432 priusquam
2564 1334 2677 1409 in-

712 1478 1126 1552 rumperent
1184 1455 1506 1543 vicioreS,
1568 1453 1741 1555 fuga
1786 1483 1825 1528 e
1880 1454 2113 1530 castris
2172 1455 2547 1528 Gallorum
2598 1453 2677 1528 in

711 1601 956 1650 omnes
990 1595 1216 1672 partes
1243 1573 1422 1648 faeta
1453 1575 1576 1649 est.
1678 1577 1939 1650 Ruunt
1972 1574 2162 1649 caeci
2192 1600 2315 1671 per
2339 1573 2512 1660 vias,
2550 1599 2677 1672 per

711 1694 940 1770 invia:
995 1697 1189 1768 nulla
1221 1695 1631 1794 praecipitia
1649 1694 1831 1782 saxa,
1866 1695 2099 1770 nullae
2120 1720 2325 1792 rupes
2357 1693 2671 1768 obstante

709 1813 890 1890 nihil
949 1837 1216 1912 praeter
1265 1815 1534 1889 hostem
1590 1837 1946 1889 metuunt.
2048 1818 2295 1914 Itaque
2352 1813 2675 1912 plerique

707 1935 1119 2035 praecipites
1143 1960 1266 2032 per
1297 1935 1560 2008 vastam
1587 1933 2041 2032 altitudinem
2074 1937 2363 2032 prolapsi
2395 1955 2517 2009 aut
2546 1935 2673 2008 de-

711 2055 966 2133 bilitati
1019 2054 1531 2129 exanimantur.
1632 2054 1928 2146 Consul,
1978 2053 2212 2128 castris
2254 2053 2502 2154 captis,
2560 2053 2675 2128 di·-

710 2174 1026 2274 reptione
1078 2175 1476 2273 praedaque
1535 2174 1835 2250 abstinet
1892 2166 2245 2250 militemt
2296 2173 2491 2272 sequi
2543 2199 2677 2271 pro

725 2295 793 2370 se
825 2318 1218 2394 quemque,
1285 2293 1358 2366 δι
1395 2293 1668 2380 instare,
1720 2296 1795 2366 δι
1830 2295 2151 2391 perculfis
2184 2321 2516 2392 pavorem
2548 2297 2675 2370 ad·

707 2417 872 2490 dere
894 2417 1122 2511 jubet.
1223 2412 1647 2510 Supervenit
1680 2418 1747 2488 &
1784 2415 2087 2488 alterum
2124 2441 2293 2490 cum
2328 2418 2419 2490 L.
2456 2418 2679 2492 Man·-

713 2515 812 2610 li'o
855 2561 1112 2634 agmen
1135 2565 1160 2620 3
1213 2557 1344 2606 nec
1389 2559 1508 2608 eos
1537 2532 1751 2608 castra
1784 2531 2033 2608 intrare
2068 2533 2245 2608 finit.
2346 2535 2681 2612 Protinus

709 2655 802 2730 ad
825 2653 1342 2752 persequendos
1375 2653 1605 2728 hostes
1632 2651 1891 2728 mittit:
1944 2657 2013 2728 δι
2048 2651 2191 2750 ipse
2226 2656 2463 2752 paullo
2488 2655 2673 2754 post,

707 2773 960 2848 tradita
1023 2771 1468 2870 captivorum
1543 2772 1867 2848 custodia
1940 2772 2245 2850 tribunis
2328 2773 2675 2864 militurn,

709 2891 1071 2991 sequitur,
1155 2895 1591 2969 debellatum
1662 2913 1879 2982 ratus„
1954 2897 2003 2970 fi
2066 2892 2143 2968 in
2226 2893 2351 2969 illo
2412 2921 2675 2994 pavore

709 3038 928 3112 quarn
975 3012 1265 3112 plurimi
1325 3017 1496 3090 caefi
1549 3011 1807 3102 forent,
1872 3033 1997 3087 aut
2046 3013 2258 3112 capti.
2385 3016 2675 3113 Egrefl‘o

708 3133 1020 3222 consule,
1076 3136 1162 3209 C.
1209 3133 1521 3209 Helvius
1564 3159 1737 3210 cum
1786 3133 1992 3208 tertio
2034 3133 2318 3233 agmine
2362 3133 2675 3210 advenit.

708 3257 870 3330 Nec
899 3253 1260 3334 continere
1295 3253 1454 3329 suos
1478 3281 1520 3330 a
1543 3253 1943 3352 direptione
1983 3253 2369 3328 castrorum
2413 3253 2671 3330 valuit:

710 3376 1108 3473 praedaque
1159 3398 1437 3462 eorum,
1493 3373 1921 3473 iniquissima
1971 3372 2175 3462 sorte,
2228 3372 2357 3472 qui
2393 3397 2677 3473 pugnae

710 3521 858 3570 non
917 3493 1399 3581 interfuerant,
1457 3492 1639 3570 faita
1676 3493 1796 3568 est.
1900 3491 2199 3591 Equites
2244 3492 2401 3580 diu,
2450 3492 2675 3593 ignari

710 3615 787 3688 δε
819 3640 1100 3713 pugnae
1129 3613 1202 3686 &
1237 3613 1569 3689 victoriae
1599 3612 1915 3702 suorum,
1940 3595 2298 3688 steterunt.
2386 3614 2675 3690 Deinde

713 3733 788 3806 &
843 3733 992 3830 ipsi,
1055 3755 1410 3832 quantum
1453 3733 1659 3832 equis
1715 3732 1946 3809 subire
2012 3753 2358 3830 poterant,
2416 3733 2677 3832 sparsos

713 3851 886 3952 fuga
938 3856 1179 3928 Gallos
1229 3853 1415 3930 circa
1465 3853 1729 3928 radices
1770 3852 2033 3930 montis
2071 3852 2447 3928 consec‘tati
2488 3852 2677 3928 ceci-

713 3975 906 4062 dere,
959 3995 1082 4048 aut
1135 3998 1404 4070 cepere.
1502 3975 1873 4048 Numerus
1918 3970 2449 4048 interfectorum
2480 3973 2681 4050 haud

713 4092 919 4172 facile
967 4091 1129 4168 iniri
1185 4093 1450 4191 potuit,
1499 4092 1675 4192 quia
1717 4095 1851 4170 late
1886 4092 2071 4167 inter
2102 4117 2351 4168 omnes
2382 4091 2679 4178 aristae,-
