3100 5359
915 743 1364 835 [1323
1464 746 1637 838 XL.
2138 758 2279 862 363

313 933 366 982 '⁸⁸
399 944 618 1036 q'uem
631 935 817 1034 jure,
868 939 1229 1013 voluntate
1256 937 1468 1012 etiam
1502 935 1739 1038 patriS,
1792 947 2091 1035 regnum
2117 941 2273 1032 per·

315 1065 368 1102 “
403 1055 600 1134 tinet.
699 1058 1074 1132 Tollatur:
1125 1084 1270 1134 non
1324 1057 1945 1158 primus·regnum
1979 1053 2277 1132 fraterna

311 1183 368 1221 ‘³
401 1178 616 1252 caede
645 1176 930 1276 petiero.
968 1183 1172 1254 Pater
1203 1179 1438 1267 senex,
1474 1183 1542 1253 δι
1578 1177 1729 1252 filio
1749 1176 1931 1250 solus
1960 1179 2274 1262 orbatus,

313 1303 367 1342 ‘¹‘
403 1298 494 1373 de
539 1296 606 1372 se
641 1297 864 1398 magis
895 1297 1204 1388 timebit,
1255 1325 1474 1399 quam
1509 1319 1592 1373 ut
1624 1297 1753 1373 filii
1786 1323 2037 1372 necem
2068 1294 2275 1372 ulcis-

313 1425 367 1465 ⁸‘
399 1439 618 1494 catur.
717 1418 1034 1494 Romani
1065 1421 1532 1509 laetabuntur,
1568 1421 1996 1520 probabunt,
2030 1415 2275 1492 defen-

317 1549 372 1585 “
407 1540 581 1614 dent
635 1536 960 1615 factum(
1056 1542 1222 1616 Hae
1299 1540 1450 1639 spes
1509 1540 1839 1628 incertae,
1888 1558 2108 1637 pater,
2159 1537 2278 1614 sed

315 1667 368 1704 “
403 1683 548 1733 non
575 1658 814 1734 inanes
845 1659 1028 1736 sunt.
1128 1663 1234 1734 Ita
1263 1659 1457 1736 enim
1484 1659 1550 1735 se
1586 1685 1690 1735 res
1716 1662 1959 1736 habete
2000 1659 2279 1759 pericu-

317 1789 369 1824 “
404 1781 558 1853 lum
603 1779 790 1874 'vitae
819 1782 1201 1881 propellere
1235 1807 1276 1856 a
1307 1803 1422 1856 me
1456 1801 1682 1880 poter„
1732 1779 2105 1878 puniendo
2130 1807 2278 1870 e03‚

318 1910 368 1944 “
406 1899 534 2000 qui
587 1902 680 1974 ad
733 1925 847 1974 me
908 1900 1481 1975 interficiendum
1526 1899 1789 1975 ferrum
1844 1898 2278 1977 sumserunt:

319 2030 370 2066 “
407 2023 454 2094 fi
507 2019 800 2095 facinori
861 2047 1110 2096 eorum
1176 2019 1597 2108 succefferit,·
1670 2041 1971 2097 mortem
2044 2046 2279 2096 meam

319 2151 372 2186 “
409 2140 602 2216 idem
635 2162 709 2216 tu
745 2140 1060 2240 persequi
1093 2165 1238 2215 non
1271 2140 1601 2240 poteri3.”
1660 2191 1665 2196 ·
1700 2159 1709 2168 “

416 2261 588 2334 ΧΠ.
681 2261 1064 2360 Postquam
1123 2261 1412 2336 dicendi
1471 2264 1691 2336 finem
1746 2261 2032 2338 Perseus
2089 2260 2283 2352 fecit,

319 2381 618 2478 conjecti
647 2405 925 2470 eorum,
975 2381 1104 2480 qui
1137 2383 1449 2471 aderant,
1499 2381 1692 2458 oculi
1724 2381 1799 2457 in
1829 2381 2282 2458 Demetrium

321 2502 507 2590 sunt,
555 2503 754 2576 velut
803 2499 1175 2576 confestim
1229 2500 1675 2600 responsurus
1708 2505 1893 2576 effet.
1994 2501 2283 2580 Deinde

321 2623 448 2698 diu
476 2621 618 2697 fuit
635 2620 1012 2710 filentium,
1064 2646 1294 2721 quum
1327 2621 1687 2720 perfusum
1718 2625 1889 2697 fletu
1924 2625 2285 2724 adpareret

321 2741 657 2818 omnibus
689 2741 888 2842 loqui
923 2767 1069 2818 non
1093 2745 1306 2841 poffe.
1404 2743 1738 2818 Tandem
1762 2743 1936 2820 vicit
1964 2746 2283 2822 dolorem

323 2861 472 2961 ipsa
523 2865 901 2950 neceffitas‚
951 2881 1182 2961 quum
1233 2862 1469 2938 dicere
1513 2863 1874 2960 juberent,
1926 2885 2141 2966 atque
2190 2866 2288 2942 ita

323 2979 518 3058 orsus
573 2979 714 3056 estz
769 2991 822 3027 “
855 2981 1148 3070 Omnia,
1200 3007 1382 3082 quae
1433 3008 1714 3058 reorum
1765 3004 1969 3060 antea
2010 2985 2287 3062 fuerant

325 3112 380 3148 ‘³
413 3099 703 3190 auxilia,
733 3121 950 3199 pater,
1003 3103 1542 3203 praeoccupavit
1572 3102 1949 3181 accusator.
2046 3105 2284 3181 Simu-

325 3232 379 3268 “
413 3220 568 3297 latis
624 3221 930 3296 lacrimis
981 3221 1057 3297 in
1098 3221 1378 3298 alterius
1422 3222 1811 3322 ‘perniciem
1854 3247 2047 3301 veras
2098 3251 2288 3303 meas

325 3351 380 3388 “
413 3341 732 3419 lacrimas
763 3341 1100 3441 suspectas
1131 3341 1263 3417 tibi
1295 3341 1483 3418 fecit.
1543 3347 1799 3444 Qum
1823 3343 1994 3445 ipse,
2029 3371 2119 3421 ex
2139 3373 2287 3448 quo

329 3473 382 3508 “
416 3465 510 3538 ab
541 3463 782 3538 Roma
812 3459 1020 3551 redii,
1067 3487 1196 3559 per
1223 3463 1506 3537 occulta
1536 3481 1709 3538 cum
1736 3461 1877 3540 suis
1906 3467 2291 3567 conloquia

329 3593 382 3630 ‘⁶
415 3583 568 3658 dies
620 3580 996 3680 noctesque
1049 3580 1450 3672 infidietur3
1501 3581 1694 3658 ultro
1738 3583 1917 3658 mihi
1950 3613 2096 3663 non
2130 3586 2284 3664 infi-

330 3713 385 3749 “
415 3701 704 3778 diatoris
735 3702 983 3790 modo,
1017 3700 1136 3776 sed
1165 3701 1448 3777 latronis
1469 3701 1912 3781 manifesti&
1940 3711 2288 3805 percusso-

331 3833 386 3869 “
421 3821 540 3912 ris,
590 3820 892 3922 speciem
937 3819 1196 3898 induit.
1295 3821 1625 3897 Peticulo
1672 3822 1799 3898 suo
1850 3844 1921 3899 te
1962 3846 2289 3919 exterret,

334 3951 386 3989 “
422 3963 504 4017 ut
547 3941 846 4017 innoxio
877 3941 1067 4018 fratri
1100 3966 1226 4040 per
1247 3943 1589 4017 eumdem
1618 3965 1687 4018 te
1722 3965 2024 4021 maturet
2055 3949 2287 4046 perni-

333 4075 388 4109 “
421 4063 632 4140 ciem.
728 4061 1149 4162 Perfugium
1200 4059 1325 4137 fibi
1381 4061 1732 4162 nusquam
1781 4064 2105 4164 gentium
2156 4071 2289 4144 effe

335 4192 388 4232 ‘⁴
423 4187 546 4272 a‘it,
595 4201 680 4260 ut
723 4207 860 4284 ego
897 4209 987 4259 ne
1037 4183 1233 4281 apud
1276 4200 1346 4258 te
1377 4181 1675 4280 quidem
1709 4181 2113 4284 quidquam
2146 4185 2289 4287 spei
