3100 5359
785 699 926 774 286
1467 701 1565 774 T.
1664 701 2101 780 L1,v11

775 883 828 917 “
863 897 954 947 ne
984 869 1148 970 quis
1197 872 1563 974 reciperet,
1599 875 1879 964 celaret,
1914 903 2051 975 ope
2082 877 2230 952 ulla
2249 877 2531 973 juvaret
2562 874 2755 980 fugi·

775 1002 828 1035 “
863 993 1130 1068 entes.”
1225 993 1599 1070 Concione
1634 994 1935 1084 dimifla,
1984 1018 2203 1072 terror
2234 1023 2537 1098 magnus
2572 1004 2747 1076 urbe

773 1133 923 1190 tota
951 1111 1135 1188 fuit:
1159 1139 1290 1190 nec
1317 1114 1699 1192 moenibus
1720 1113 1787 1190 se
1808 1137 2087 1192 tanturn
2122 1116 2317 1194 urbis
2334 1139 2459 1192 aut
2490 1119 2755 1198 finibus

771 1233 1124 1312 Romanis
1143 1233 1502 1310 continuit
1523 1267 1551 1323 3
1603 1232 1723 1310 sed
1750 1239 1989 1334 paffim
2024 1262 2151 1334 per
2180 1257 2404 1314 totam
2434 1241 2744 1330 Italiam,

769 1353 990 1432 literis
1009 1355 1372 1454 hospitum
1401 1357 1494 1430 de
1519 1353 2145 1445 senatusconsulto,
2174 1361 2239 1432 δι
2276 1358 2655 1449 concione,
2676 1365 2743 1436 δε

769 1475 1010 1554 edicto
1040 1474 1414 1551 consulum
1459 1475 1796 1574 acceptis,
1844 1475 2181 1576 trepidari
2226 1499 2565 1577 coeptum
2612 1481 2737 1556 est.

771 1595 1002 1674 Multi
1048 1623 1133 1672 ea
1183 1597 1418 1684 noete,
1473 1621 1659 1694 quae
1711 1595 1913 1674 diem
1957 1595 2273 1673 insecuta
2322 1597 2449 1688 est,
2484 1625 2635 1698 quo
2662 1601 2735 1676 in

767 1715 1116 1792 concione
1144 1742 1251 1792 res
1283 1717 1518 1816 palam
1549 1714 1731 1792 faeta
1753 1715 1881 1805 est,
1908 1716 2251 1794 custodiis
2284 1715 2473 1794 circa
2502 1742 2733 1819 portas

763 1834 1026 1938 politis,
1079 1835 1434 1937 fugientes
1485 1863 1528 1912 a
1586 1835 1973 1912 triumviris
2006 1840 2488 1936 comprehensi
2532 1845 2601 1920 &
2632 1869 2733 1918 re-

765 1957 971 2034 ducti
1023 1954 1226 2032 sunt:
1279 1957 1675 2032 multorum
1720 1955 2018 2032 nomina
2076 1957 2327 2034 delata.
2414 1961 2731 2060 Qidam

763 2103 858 2156 ex
909 2075 996 2152 iis
1039 2075 1174 2152 viri
1227 2073 1681 2177 feminaeque
1716 2099 2023 2154 mortem
2057 2076 2183 2154 fibi
2224 2077 2732 2159 consciverunt.

762 2197 1171 2296 Conjuraffe
1223 2195 1426 2296 supra
1470 2195 1737 2295 septem
1778 2196 2004 2274 millia
2030 2197 2347 2276 virorum
2374 2227 2455 2278 ac
2486 2203 2733 2280 mulie·

761 2345 928 2396 rum
951 2320 1395 2396 dicebantur.
1493 2317 1751 2416 Capita
1768 2339 2007 2394 autem
2034 2319 2537 2416 conjurationis
2566 2349 2736 2402 con-

765 2441 986 2518 stabat
1017 2440 1178 2528 effe,
1203 2441 1322 2514 M.
1357 2442 1424 2514 δι
1453 2439 1540 2514 C.
1572 2437 1863 2514 Atinios
1896 2440 1989 2514 de
2021 2441 2231 2537 plebe
2258 2444 2621 2534 Romana,
2670 2449 2737 2520 &

669 2599 680 2609 ·
767 2558 1124 2636 Faliscum
1179 2557 1266 2636 L.
1301 2558 1789 2658 Opiternium,
1848 2563 1919 2634 ὅτ
1954 2559 2285 2636 Minium
2330 2563 2739 2642 Cerrinium

761 2681 1218 2777 Campanum
1247 2709 1266 2752 z
1319 2681 1413 2755 ab
1461 2680 1575 2754 his
1602 2676 1851 2754 omnia
1872 2677 2185 2761 facinora
2218 2686 2287 2757 ὅτ
2318 2681 2593 2782 flagitia
2624 2710 2731 2759 or·

759 2821 872 2876 ta:
923 2825 1046 2874 eos
1103 2798 1458 2877 maximos
1523 2797 1907 2876 sacerdotes
1968 2802 2515 2902 conditoresque
2582 2805 2733 2901 ejus

761 2918 932 2997 sacri
964 2921 1121 2994 effe.
1222 2920 1408 2994 Data
1439 2945 1655 3016 opera
1686 2919 1813 3007 est,
1846 2939 1929 2994 ut
1962 2920 2199 3019 primo
2231 2949 2527 3022 quoque
2558 2945 2731 2998 tem·

759 3065 932 3139 pore
985 3041 1778 3137 comprehenderentur.
1882 3041 2211 3118 Addueti
2256 3045 2347 3117 ad
2383 3041 2727 3132 consules,

761 3159 1050 3259 faffique
1071 3162 1161 3235 de
1187 3158 1282 3247 se,
1319 3159 1593 3234 nullam
1622 3185 1899 3234 moram
1917 3159 2202 3256 judicio
2234 3161 2577 3238 fecerunt.

855 3281 1138 3356 XVIII.
1237 3282 1579 3357 Ceterum
1612 3300 1805 3356 tanta
1826 3279 1997 3380 fuga
2014 3307 2107 3355 ex
2138 3285 2317 3357 urbe
2349 3281 2531 3358 faeta
2560 3302 2727 3371 erat,

759 3422 868 3490 ut,
921 3399 1097 3500 quia
1138 3400 1386 3476 multis
1419 3400 1733 3476 actiones
1768 3405 1838 3476 &
1874 3427 1979 3478 res
2012 3400 2365 3500 peribant,
2400 3429 2726 3502 cogeren-

759 3540 874 3596 tur
905 3541 1252 3619 praetores
1285 3523 1380 3598 T.
1415 3521 1755 3596 Maenius
1779 3520 1855 3594 δι
1888 3524 2005 3596 Μ.
2031 3521 2363 3604 Licinius
2386 3549 2512 3622 per
2541 3522 2727 3599 sena-

757 3661 918 3716 tum
951 3667 1056 3716 res
1085 3639 1168 3716 in
1193 3639 1392 3716 diem
1425 3640 1862 3741 trigesimum
1890 3642 2197 3733 differre,
2226 3645 2458 3720 donec
2479 3644 2722 3743 quaes·

759 3759 988 3837 tiones
1005 3787 1046 3836 a
1069 3759 1480 3836 consulibus
1501 3763 2026 3860 perficerentur.
2090 3764 2366 3840 Eadem
2390 3764 2725 3855 solitudo,

759 3882 934 3980 quia
958 3885 1238 3958 Romae
1261 3905 1404 3956 non
1433 3879 1973 3980 respondebant,
2002 3909 2134 3960 nec
2162 3884 2725 3976 inveniebantur,

757 4027 1070 4103 quorum
1151 4001 1447 4076 nomina
1519 4003 1753 4078 delata
1816 4025 2037 4092 erant,
2106 4003 2345 4104 coegit
2407 4005 2725 4083 consules

757 4122 945 4200 circa
972 4122 1121 4202 fora
1145 4120 1526 4221 proficisci,
1554 4121 1804 4221 ibique
1836 4151 2171 4224 quaerere
2197 4129 2266 4202 δι
2287 4125 2575 4224 judicia
2602 4151 2722 4204 ex·
