3100 5359
716 742 814 818 54
1365 716 2019 791 T.L1v11

715 892 950 991 ipsum
983 889 1358 967 discrimen
1393 916 1675 993 pugnae
1706 890 2019 966 vovisset.
2118 890 2421 964 Novum
2466 906 2679 987 atque

717 1011 1052 1111 iniquum
1113 1011 1461 1109 postulare
1510 1011 1611 1085 est
1663 1008 1871 1085 visus.
1990 1006 2433 1084 Censuerunt
2482 1034 2680 1109 erge,

719 1142 772 1177 ‘⁶
809 1158 990 1230 quos
1049 1132 1259 1205 ludos
1295 1130 1692 1207 inconsulto
1726 1128 1963 1205 senatu
2000 1156 2092 1205 ex
2136 1126 2259 1203 sua
2284 1127 2501 1204 unius
2528 1127 2681 1203 sen-

720 1260 772 1295 “
809 1250 1026 1325 tentia
1081 1248 1396 1339 vovifl‘et,
1469 1277 1588 1327 eos
1644 1250 1755 1325 uti
1802 1252 1893 1325 de
1941 1248 2327 1337 manubiis,
2374 1251 2425 1323 fi
2462 1272 2687 1346 quam

721 1379 774 1415 “
809 1369 1190 1468 pecuniam
1223 1372 1316 1445 ad
1350 1371 1424 1445 id
1459 1368 1869 1459 reservasset,
1922 1372 2037 1445 vel
2067 1368 2189 1444 sua
2223 1366 2369 1467 ipse
2397 1365 2687 1466 inpensa

721 1500 772 1533 “
804 1488 1126 1565 faceret.'’
1227 1494 1370 1567 Eos
1390 1492 1599 1565 ludos
1626 1517 1749 1589 per
1772 1490 1923 1565 dies
1941 1491 2191 1564 decem
2212 1492 2295 1563 P.
2316 1486 2688 1563 Cornelius

719 1607 912 1684 fecit.
988 1612 1124 1686 Per
1157 1610 1350 1685 idem
1378 1609 1520 1685 fere
1551 1630 1834 1708 tempus
1858 1610 2065 1684 aedes
2085 1608 2344 1683 Matris
2366 1608 2685 1706 Magnae

721 1730 971 1804 Idaeae
1003 1730 1328 1804 dedicata
1359 1718 1492 1803 est:
1547 1754 1767 1827 quam
1803 1732 2037 1804 Deam
2071 1728 2129 1803 is
2176 1732 2260 1803 P.
2282 1726 2685 1813 CorneliuS,

721 1850 1090 1923 advectam
1139 1875 1230 1923 ex
1267 1852 1426 1927 Afia
1467 1852 1550 1923 P.
1581 1847 1918 1924 Cornelio
1968 1846 2325 1945 Scipione,
2378 1846 2499 1921 cui
2534 1845 2693 1944 post

724 1965 1068 2043 Africano
1122 1966 1260 2043 fuit
1299 1993 1728 2067 cognomen,
1776 1968 1865 2043 P.
1894 1966 2186 2041 Licinio
2252 1964 2688 2053 consulibuS,

723 2085 800 2160 in
836 2086 1184 2162 Palatium
1219 2114 1258 2160 a
1287 2085 1460 2161 mari
1494 2088 1863 2163 detulerat.
1962 2090 2406 2163 Locaverant
2440 2087 2693 2160 aedem

725 2205 1125 2281 faciendam
1145 2232 1236 2281 ex
1261 2203 1851 2281 senatusconsulto
1882 2208 1996 2281 M.
2032 2204 2314 2295 Livius,
2366 2207 2453 2280 C.
2481 2207 2695 2280 Clau-

725 2325 890 2400 dius
917 2325 1260 2413 censores,
1315 2327 1431 2400 M.
1466 2325 1828 2414 Corneli0,
1879 2329 1962 2400 P.
1996 2323 2412 2423 Sempronio
2438 2323 2691 2401 consu-

721 2446 944 2521 libus:
1025 2445 1365 2521 tredecim
1433 2445 1633 2520 annis
1682 2445 1863 2544 post,
1949 2471 2169 2544 quam
2228 2447 2457 2521 locata
2520 2465 2688 2534 erat,

721 2564 1082 2639 dedicavit
1113 2590 1270 2639 eam
1298 2567 1416 2638 M.
1443 2564 1707 2661 Junius
1744 2570 2024 2653 Brutus,
2074 2564 2375 2665 ludique
2429 2569 2526 2641 ob
2564 2568 2690 2640 de-

723 2683 1158 2759 dicationem
1187 2685 1336 2779 ejus
1367 2682 1562 2772 faeti,
1614 2710 1797 2781 quos
1822 2684 2088 2783 primos
2121 2684 2431 2761 scenicos
2462 2685 2691 2775 fuiffe,

726 2803 981 2880 Antias
1027 2798 1348 2877 Valerius
1406 2804 1508 2877 est
1560 2806 1829 2893 auctor,
1882 2806 2261 2904 Megalesia
2286 2805 2693 2903 adpellatos.

725 2926 908 2999 Item
941 2922 1338 3021 Juventatis
1395 2925 1645 2998 aedem
1680 2923 1755 2997 in
1786 2923 1979 3000 circo
2012 2923 2327 2998 maximo
2368 2925 2456 2998 C.
2494 2924 2696 2999 Lici-

727 3042 890 3119 nius
947 3045 1302 3119 Lucullus
1334 3040 1677 3119 duumvir
1710 3042 2090 3119 dedicavit.
2192 3048 2497 3119 Voverat
2538 3070 2697 3119 eam

725 3162 1084 3239 sexdecim
1126 3164 1328 3239 annis
1387 3182 1548 3239 ante
1606 3164 1724 3237 M.
1760 3162 2017 3239 Livius
2050 3162 2322 3251 consul,
2374 3146 2525 3264 quo
2576 3162 2695 3238 die

725 3283 1256 3360 Hasdrubalem
1319 3283 1857 3381 exercitumque
1917 3284 2065 3380 ejus
2124 3282 2421 3360 cecidit:
2501 3282 2697 3358 idem

725 3402 970 3480 censor
1019 3428 1178 3479 eam
1231 3402 1633 3479 faciendam
1685 3404 1967 3494 locavit,
2046 3406 2163 3478 M.
2198 3402 2561 3491 Cornelio,
2610 3407 2696 3478 P.

726 3523 1151 3622 Sempronio
1193 3523 1629 3599 consulibus.
1728 3524 1975 3619 Hujus
2032 3548 2325 3623 quoque
2360 3523 2696 3599 dedican-

725 3645 859 3719 dae
890 3644 1122 3719 caufl‘a
1153 3642 1309 3717 ludi
1342 3641 1544 3717 faciit
1598 3648 1667 3717 &
1702 3669 1789 3717 eo
1825 3642 2067 3719 omnia
2094 3668 2267 3717 cum
2302 3643 2559 3739 majore
2592 3668 2699 3716 re-

724 3762 992 3863 ligione
1027 3761 1234 3851 facta,
1270 3764 1472 3861 quod
1493 3788 1765 3837 novum
1800 3787 1970 3837 cum
2002 3760 2373 3838 Antiocho
2398 3760 2700 3839 instabat

727 3884 1023 3959 bellum.

823 4004 1214 4078 XXXVII.
1317 4000 1680 4099 Principio
1746 4001 1897 4097 ejus
1978 3999 2173 4089 anni,
2274 4026 2424 4100 quo
2490 4004 2689 4090 haec,

717 4124 870 4220 jam
903 4120 1220 4222 profecto
1247 4122 1342 4197 ad
1374 4123 1644 4199 bellum
1682 4124 1820 4225 Μ’,
1858 4120 2125 4210 Acilio,
2192 4140 2523 4197 manente
2572 4122 2695 4195 ad-
