3100 5359
847 618 923 689 L
972 641 1001 689 1
1058 642 1099 691 n
1158 642 1201 691 a
1257 642 1303 690 R
1407 616 1794 693 XXXVII.
2171 645 2296 694 121

332 788 611 866 civitate
638 788 927 864 obviam
974 790 1211 879 effusa,
1244 790 1459 865 venit.
1563 792 1742 864 Inde
1777 790 1992 864 Ilium
2028 789 2298 889 proces-

328 911 426 997 fit,
459 907 841 1007 castrisque
876 909 951 983 in
987 936 1267 1008 campo,
1328 910 1453 1009 qui
1490 910 1590 985 est
1622 909 1973 1006 subjectus
2025 910 2294 983 moeni·-

334 1019 491 1115 buS,
538 1027 795 1125 potitis,
832 1027 906 1101 in
934 1031 1183 1102 urbem
1213 1054 1586 1126 arcemque
1613 1055 1842 1128 quum
1872 1028 2298 1116 escendiffet,

328 1145 730 1221 sacrificavit
778 1146 1149 1221 Minervae
1197 1147 1481 1246 praefidi
1532 1148 1758 1235 arcis3
1825 1154 1892 1221 ὅτ
1927 1147 2288 1222 Iliensrbus

331 1265 403 1339 in
434 1264 636 1341 omni
668 1290 903 1339 rerum
940 1270 1461 1365 verborumque
1512 1270 1779 1341 honore
1825 1271 1916 1341 ab
1948 1267 2014 1341 se
2048 1266 2286 1340 oriun-

331 1386 453 1459 dos
505 1388 873 1459 Romanos
932 1384 1505 1481 praeferentibus,
1575 1392 1642 1459 ac
1696 1386 2042 1461 Romanis
2092 1385 2286 1459 laetis

332 1504 598 1603 origine
631 1503 771 1578 sua.
874 1506 1049 1577 Inde
1082 1504 1379 1601 profecti
1428 1504 1636 1579 sextis
1681 1505 1912 1580 castris
1957 1507 2050 1580 ad
2082 1527 2296 1603 caput

332 1623 521 1697 Cai'ci
579 1622 807 1696 amnis
850 1645 1337 1721 pervenerunt.
1440 1628 1549 1698 Eo
1602 1629 1668 1698 &
1725 1628 2080 1699 Eumenes
2145 1649 2295 1712 rex,

328 1764 611 1817 conatus
644 1742 875 1841 primo
908 1746 997 1817 ab
1032 1743 1499 1840 Hellesponto
1548 1746 1878 1817 reducere
1913 1746 2186 1818 classem
2217 1743 2294 1816 in

334 1860 619 1937 hiberna
650 1863 965 1949 Elaeam,
1020 1863 1307 1935 adverfis
1343 1862 1602 1937 deinde
1635 1863 1860 1937 ventis
1904 1890 2136 1961 quum
2171 1864 2294 1938 ali-

336 2001 501 2079 quot
535 1980 795 2056 diebus
847 1981 1159 2078 superare
1194 1984 1471 2055 Lecton
1524 1982 2090 2081 promontorium
2143 2008 2289 2056 non

337 2100 683 2197 potuiffet,
720 2100 795 2173 in
835 2121 1085 2174 terram
1128 2102 1453 2199 egressus,
1498 2128 1585 2174 ne
1619 2103 1874 2175 deesset
1925 2099 2290 2198 principiis

336 2245 583 2308 rerum,
620 2246 765 2318 qua
786 2220 1195 2317 proximum
1230 2220 1392 2308 fuit,
1428 2221 1501 2294 in
1530 2222 1745 2295 castra
1764 2225 2095 2295 Romana
2121 2247 2290 2296 cum

338 2364 533 2435 parva
562 2364 781 2413 manu
819 2339 1209 2413 contendit.
1311 2343 1427 2413 Ex
1460 2338 1691 2415 castris
1726 2343 2150 2439 Pergamum
2183 2368 2288 2417 re-

338 2458 563 2533 miss‘us
638 2458 731 2531 ad
781 2479 1219 2532 commeatus
1270 2458 1774 2557 expediendOS,
1825 2459 2079 2535 tradito
2145 2460 2291 2535 fru-

337 2598 595 2665 mento,
658 2575 925 2675 quibus
958 2576 1239 2671 jufferat
1296 2576 1564 2665 consul,
1620 2577 1693 2651 in
1747 2580 1996 2654 eadem
2048 2580 2290 2657 stativa
2323 2592 2328 2611 '

338 2696 552 2771 rediit.
652 2697 858 2783 Inde,
892 2695 1205 2793 plurium
1225 2696 1507 2770 dierum
1527 2698 1946 2796 praeparatis
1977 2698 2279 2789 cibariis,

340 2814 698 2889 confilium
729 2834 873 2889 erat
898 2813 997 2888 ire
1018 2816 1109 2889 ad
1136 2815 1433 2904 hostem,
1468 2816 1879 2914 priusquam
1909 2818 2136 2895 hiems
2161 2824 2286 2895 ob-

336 2934 681 3031 primeret.
779 2932 1011 3032 Regia
1061 2934 1273 3008 castra
1312 2935 1498 3010 circa
1529 2936 1870 3033 Thyatira
1901 2961 2132 3013 erant:
2185 2940 2286 3015 ibi

340 3079 557 3151 quum
608 3053 902 3128 audiffet
952 3052 1379 3143 Antiochus,
1431 3057 1513 3127 Ρ.
1546 3054 1948 3153 Scipionem
1997 3082 2284 3156 aegrum

340 3174 618 3249 Elaeam
648 3174 989 3258 delatum,
1024 3175 1313 3272 legatos,
1344 3172 1472 3273 qui
1499 3173 1730 3249 filium
1756 3174 1848 3248 ad
1880 3200 2046 3249 eum
2079 3178 2286 3251 redu·

340 3315 589 3384 cerent,
631 3292 837 3368 mifit.
934 3295 1109 3367 Non
1162 3292 1387 3367 solum
1443 3292 1682 3367 animo
1728 3292 1954 3391 patrio
2009 3316 2286 3393 gratum

340 3438 619 3501 munus-0,
648 3410 768 3487 sed
792 3412 1069 3509 corpori
1094 3438 1387 3512 quoque
1428 3412 1694 3486 salubre
1729 3413 2076 3511 gaudium
2105 3414 2283 3490 fuit:

342 3530 748 3631 satiatusque
775 3534 1061 3607 tandem
1084 3534 1462 3630 complexu
1491 3529 1646 3618 filii,
1682 3542 1732 3575 “
1763 3532 2288 3623 Renunciate,”

340 3650 594 3753 inquit,
646 3662 699 3697 “
736 3651 983 3751 gratias
1031 3650 1179 3751 regi
1230 3677 1345 3725 me
1395 3676 1639 3749 ageret
1715 3651 1962 3725 referre
1995 3653 2286 3751 gratiam

344 3780 389 3815 “
418 3773 625 3847 aliam
654 3796 847 3846 nunc
874 3797 1018 3845 non
1043 3772 1259 3867 pofl'e,
1288 3794 1503 3867 quam
1530 3790 1614 3842 ut
1633 3766 1984 3857 suadeam,
2013 3797 2098 3845 ne
2126 3794 2284 3847 ante

344 3900 389 3933 “
420 3891 493 3966 in
525 3890 755 3965 aciem
787 3890 1187 3977 descendat,
1223 3914 1437 3986 quam
1464 3908 1545 3963 ut
1577 3887 1654 3962 in
1689 3888 1903 3963 castra
1928 3914 2042 3963 me
2075 3891 2285 3965 redis-

346 4018 389 4053 “
420 4010 487 4087 se
512 4008 893 4087 audierit.''
989 4014 1452 4111 Qamquam
1486 4006 1840 4109 sexaginta
1871 4010 2022 4085 duo
2065 4009 2286 4087 millia
