3100 5359
805 725 879 804 L
937 751 965 800 1
1029 753 1070 800 Β
1123 751 1166 799 E
1217 751 1266 800 R
1368 727 1796 801 XXXVIII.
2142 751 2278 826 253

307 897 674 999 Scipionis
699 905 767 976 ὅτ
790 901 912 977 Ti.
942 900 1248 976 Gracchi
1269 903 1644 976 abhorrent
1666 900 1846 975 inter
1870 898 1959 974 se.
2059 900 2288 973 Index

307 1021 654 1096 orationis
706 1023 789 1095 Ρ.
841 1019 1192 1119 Scipionis
1245 1047 1506 1095 nomen
1564 1023 1679 1094 M.
1726 1019 1982 1094 Naevii
2018 1017 2285 1094 tribuni

309 1142 549 1238 plebis
578 1145 829 1216 habet:
885 1138 1271 1239 ipsaoratio
1299 1139 1441 1214 fine
1476 1140 1767 1215 nomine
1805 1141 1903 1215 est
1929 1138 2283 1215 accusato-

306 1261 427 1336 ris,
535 1262 996 1340 Nebulonem
1032 1261 1279 1348 mod0,
1339 1261 1562 1334 modo
1596 1279 2009 1360 nugatorem
2042 1257 2283 1364 adpel-

307 1381 430 1454 lat.
539 1383 658 1455 Ne
695 1379 1000 1455 Gracchi
1025 1379 1323 1477 quidem
1359 1380 1580 1454 oratio
1634 1401 1755 1455 aut
1821 1379 2291 1468 Petilliorum,

303 1499 799 1574 accusatorum
869 1497 1216 1586 Africani,
1283 1520 1428 1576 aut,
1465 1499 1611 1574 diei
1667 1500 1893 1574 dictae
1949 1498 2289 1574 Africano

310 1622 540 1694 ullam
567 1617 1004 1692 mentionem
1033 1620 1268 1694 habet.
1369 1621 1537 1693 Alia
1562 1641 1709 1694 tota
1735 1619 2019 1694 serenda
2044 1618 2283 1695 fabula

309 1741 416 1814 est
469 1738 782 1814 Gracchi
835 1737 1134 1812 orationi
1194 1740 1665 1815 conveniens:
1720 1738 1925 1814 &illi
1970 1741 2287 1814 auctores

309 1858 664 1960 sequendi
694 1856 878 1948 sunt,
927 1858 1084 1956 qui,
1133 1886 1362 1959 quum
1399 1865 1492 1937 L.
1527 1859 1769 1957 Scipio
1798 1859 1871 1931 &
1902 1858 2285 1948 accusatuS,

309 1986 376 2056 &
415 1982 801 2055 damnatus
834 1977 914 2052 fit
947 1980 1290 2077 pecuniae
1325 2002 1567 2079 captae
1597 1982 1688 2056 ab
1722 2006 1912 2079 rege,
1974 1981 2285 2080 legatum

311 2100 388 2174 in
447 2098 740 2174 Etruria
797 2097 996 2174 fuiffe
1046 2099 1468 2176 Africanum
1523 2101 1831 2174 tradunt.
1931 2106 2103 2203 Qo
2135 2101 2289 2199 post

311 2221 586 2295 famam
635 2220 725 2293 de
779 2217 1003 2294 fratris
1056 2219 1214 2296 casu
1262 2222 1597 2308 adlatam,
1645 2219 1881 2295 relicta
1910 2220 2287 2320 legatione,

311 2337 704 2416 cucurriffe
747 2365 916 2413 eum
959 2341 1321 2428 Romam3
1374 2347 1470 2429 ὅτ,
1525 2366 1760 2439 quum
1804 2367 1847 2414 a
1878 2362 2079 2439 porta
2109 2343 2293 2416 reeta

307 2462 402 2534 ad
431 2459 676 2534 forum
705 2458 770 2532 se
803 2459 1226 2549 contuliffet,
1285 2462 1488 2558 quod
1522 2461 1598 2535 in
1626 2460 1912 2536 vincula
1943 2460 2117 2536 duci
2151 2459 2284 2536 fra-

313 2602 504 2656 trem
567 2578 844 2653 dicmm
891 2603 1060 2669 erat,
1119 2580 1440 2678 repuliffe
1488 2607 1530 2654 a
1573 2608 1863 2680 corpore
1896 2582 2041 2679 ejus
2072 2581 2292 2657 viato-

313 2727 520 2776 rem:
575 2703 644 2774 &
699 2697 1001 2774 tribunis
1053 2699 1545 2790 retinentibus,
1606 2701 1831 2802 magis
1863 2703 2007 2800 pie,
2072 2728 2292 2801 quam

309 2818 652 2906 civiliter,
711 2817 862 2892 vim
916 2817 1170 2897 feciffe.
1271 2819 1478 2895 Hinc
1525 2821 1719 2896 enim
1754 2821 1897 2919 ipse
1926 2827 2293 2899 Gracchus

312 2940 676 3039 queritur,
711 2939 1116 3014 diffolutam
1142 2942 1276 3015 effe
1308 2967 1350 3014 a
1383 2941 1655 3038 privato
1682 2941 2139 3019 tribuniciam
2164 2969 2291 3043 po·

313 3061 685 3136 testatem:
740 3063 808 3133 &
861 3061 952 3134 ad
997 3061 1461 3158 postremum,
1515 3086 1747 3159 quum
1798 3063 2152 3143 auxilium
2197 3069 2291 3142 L.

315 3179 646 3280 Scipioni
693 3179 1091 3278 pollicetur,
1146 3180 1414 3277 adjicit,
1467 3181 1953 3258 tolerabilioris
1982 3185 2293 3284 exempli

316 3305 486 3389 effe,
540 3327 584 3374 a
611 3301 899 3375 tribuno
926 3299 1152 3398 plebis
1184 3301 1451 3399 potius,
1486 3327 1707 3399 quam
1743 3331 1783 3378 a
1814 3302 2111 3402 private,
2150 3305 2289 3380 vic-

317 3444 470 3498 tam
505 3419 732 3494 videri
767 3424 835 3495 ὅτ
871 3419 1324 3496 tribuniciam
1357 3423 1795 3520 potestatem,
1841 3424 1917 3496 &
1960 3431 2291 3525 rempub·

319 3543 542 3617 licam
581 3543 738 3614 effe.
836 3541 975 3614 Sed
1023 3539 1118 3615 ita
1171 3543 1354 3616 hanc
1405 3568 1623 3616 unam
1672 3543 2113 3642 inpotentem
2146 3546 2295 3642 ejus

319 3661 662 3761 injuriam
705 3659 977 3733 invidia
1009 3681 1274 3750 onerat,
1328 3681 1436 3750 ut,
1473 3661 1905 3761 increpando
1937 3667 2138 3762 quod
2171 3667 2295 3742 de-

321 3781 675 3888 generarit
729 3801 1005 3856 tantum
1051 3807 1093 3854 a
1149 3779 1216 3854 se
1270 3779 1440 3879 ipse,
1493 3784 1886 3859 cumulatas
1929 3783 1996 3860 ei
2028 3807 2293 3862 veteres

321 3904 576 3977 laudes
609 3900 1113 3976 moderationis
1139 3907 1207 3976 ὅτ
1240 3902 1743 4001 temperantiae
1774 3929 1903 4002 pro
1924 3909 2294 4004 reprehen-

320 4026 513 4096 fione
568 4019 907 4119 praesenti
955 4023 1222 4096 reddat.
1323 4021 1763 4122 Castigatum
1817 4025 2006 4100 enim
2061 4053 2294 4125 quon·

323 4145 498 4218 dam
553 4145 646 4220 ab
691 4167 776 4215 eo
817 4145 1199 4242 populum,
1251 4147 1377 4233 a‘it,
1430 4146 1631 4243 quod
1665 4169 1833 4220 eum
1866 4167 2293 4248 perpetuum
