3100 5359
781 697 928 774 300
1399 672 2031 754 T.L1v11

783 841 1346 944 proficiscuntur.
1445 844 1559 923 Ibi
1610 846 1824 946 legati
1862 842 2249 924 Eumeni„
2302 853 2353 894 “
2384 841 2465 923 Si
2502 841 2753 926 liberas

783 977 838 1010 “
873 967 1008 1042 effe
1037 969 1328 1040 Aenum
1349 971 1420 1042 δι
1455 969 1875 1042 Maroneam
1907 963 2131 1043 velint
2158 963 2505 1052 Romani,
2545 961 2753 1052 nihil,

787 1096 838 1132 “
875 1084 980 1162 sui
1011 1085 1304 1184 pudoris
1355 1087 1488 1162 effe
1521 1087 1706 1164 ultra
1750 1085 2013 1173 dicere,
2058 1103 2383 1184 quamue
2410 1087 2748 1162 admone-

789 1215 842 1252 “
877 1225 1024 1292 ant,
1091 1231 1192 1293 re,
1247 1229 1392 1280 non
1429 1209 1673 1294 verbe,
1722 1231 1843 1280 eos
1868 1206 2125 1284 liberos
2151 1203 2585 1303 relinquant,
2616 1231 2749 1280 nec

787 1335 839 1372 “
874 1325 1080 1403 suum
1125 1350 1390 1400 munus
1441 1324 1769 1424 intercipi
1808 1328 1901 1402 ab
1964 1323 2105 1398 alio
2152 1323 2529 1421 patiantur.
2628 1323 2751 1400 Sin

789 1455 842 1494 “
875 1467 1116 1522 autem
1151 1444 1388 1522 minor
1419 1471 1591 1522 cura
1620 1448 1699 1520 lit
1737 1443 2137 1522 eivitatium
2174 1444 2247 1518 in
2296 1443 2605 1522 Thracia
2628 1470 2751 1543 po-

793 1575 844 1612 “
881 1569 1190 1652 fitarum,
1237 1565 1470 1640 multo
1508 1564 1743 1642 verius
1794 1567 1952 1652 effe,
2006 1590 2191 1664 quae
2222 1563 2354 1642 sub
2389 1564 2753 1646 Antiocho

793 1694 845 1734 “
881 1684 1169 1773 fuerint,
1220 1683 1534 1782 praemia
1564 1684 1733 1759 belli
1766 1687 2195 1772 Eumenem,
2230 1709 2449 1782 quarn
2486 1683 2755 1782 Philip-

792 1817 844 1854 ‘⁶
879 1831 1086 1905 pum,
1117 1807 1412 1894 habere;
1461 1807 1577 1884 vel
1600 1831 1729 1904 pro
1752 1803 2213 1911 patriquttali
2246 1803 2515 1882 meritis
2538 1806 2749 1894 bello,

791 1937 845 1974 “
879 1927 1084 2026 quod
1135 1925 1464 2003 adversus
1497 1923 1917 2024 Philippum
1952 1923 2187 2022 ipsum
2220 1923 2496 2022 gefferit
2526 1948 2750 2022 popu·

793 2058 844 2094 ‘⁸
879 2049 990 2124 lus
1049 2049 1474 2134 Romanus;
1523 2046 1638 2122 vel
1690 2043 1856 2132 suis,
1906 2045 2109 2142 quod
2162 2042 2509 2120 Antiochi
2570 2045 2757 2120 bello

793 2179 844 2212 “
883 2187 1060 2244 terra
1115 2164 1440 2264 marique
1499 2164 1859 2242 laboribus
1894 2161 2365 2263 periculisque
2416 2163 2755 2240 omnibus

794 2297 846 2334 “
883 2285 1302 2366 interfuerit.
1399 2287 1693 2366 Habere
1740 2311 1907 2362 eum
1968 2304 2322 2382 praeterea
2374 2285 2629 2360 decem
2662 2285 2754 2358 le·

793 2417 844 2454 “
883 2429 1210 2506 gatorum
1251 2405 1330 2482 in
1375 2431 1532 2484 eam
1560 2431 1710 2480 rem
1744 2403 2315 2501 praejudicium3
2366 2403 2497 2502 qui
2524 2429 2759 2504 quum

794 2536 846 2572 “
883 2524 1397 2604 Chersonesum
1449 2523 2125 2624 Lysimachiamque
2176 2523 2531 2611 dederint,
2594 2526 2761 2601 Ma-

798 2654 848 2691 “
887 2669 1176 2722 ronearn
1211 2669 1507 2742 quoque
1539 2665 1755 2742 atque
1784 2649 2077 2722 Aenum
2113 2643 2433 2744 profecto
2466 2644 2756 2730 dediffe,

795 2775 848 2812 ⁸‘
877 2789 1058 2864 quae
1093 2761 1237 2862 ipsa
1267 2761 1796 2862 propinquitate
1828 2763 2134 2864 regionis
2180 2767 2379 2844 velut
2420 2764 2761 2864 adpendi-

794 2895 846 2930 “
881 2911 1000 2962 ces
1049 2883 1330 2980 majoris
1369 2883 1685 2962 muneris
1740 2887 1979 2964 efl‘eht.
2082 2889 2279 2964 Nam
2340 2885 2758 2984 Philippum

798 3015 852 3054 ‘⁸
885 3004 1190 3104 quidem
1215 3029 1366 3104 quo
1389 3025 1516 3082 aut
1546 3005 1801 3084 merito
1834 3004 1911 3082 in
1944 3009 2299 3104 populum
2320 3006 2763 3094 Romanurn,

794 3135 848 3170 “
883 3145 1010 3204 aut
1044 3125 1208 3224 jure
1267 3123 1577 3224 imperii,
1636 3151 1868 3222 quum
1936 3148 2080 3202 tam
2126 3128 2383 3224 procul
2426 3151 2469 3204 a
2500 3123 2764 3200 finibus

795 3255 848 3290 “
883 3243 1362 3324 Macedoniae
1391 3247 1642 3333 absint,
1678 3245 2085 3323 civitatibus
2118 3245 2231 3324 his
2273 3246 2609 3348 praefidia
2658 3245 2764 3320 in·

797 3375 848 3410 “
885 3364 1236 3464 posuiffe?
1341 3365 1601 3444 Vocari
1640 3364 2037 3442 Maronitas
2066 3365 2423 3461 juberent.
2524 3370 2649 3442 Ab
2682 3365 2765 3440 iis

795 3494 849 3528 “
885 3483 1180 3562 certiora
1227 3483 1470 3561 omnia
1501 3485 1599 3560 de
1634 3484 1809 3560 statu
1844 3483 2247 3562 civitatium
2279 3511 2523 3565 earum
2560 3475 2763 3560 scitu·

799 3612 851 3650 “
887 3607 1066 3680 ros.'’
1164 3602 1422 3704 Legati
1471 3603 1997 3682 Maronitarum
2033 3603 2295 3693 vocati,
2326 3617 2377 3652 ‘⁶
2412 3609 2591 3683 Non
2616 3631 2764 3682 uno

797 3734 845 3768 “
881 3725 1044 3803 loeo
1069 3743 1348 3802 tantum
1383 3722 1582 3802 urbis
1614 3722 2035 3825 praefidiutn
2068 3724 2349 3824 regium
2378 3727 2543 3815 effe,
2594 3729 2763 3802 ficut

801 3853 854 3888 “
890 3843 968 3918 in
999 3842 1151 3918 aliis
1179 3843 1661 3932 civitatibus?
1686 3842 2055 3931 dixerunt,
2091 3855 2142 3889 ‘⁶
2176 3843 2297 3922 sed
2329 3845 2655 3945 pluribus
2686 3847 2763 3920 fi-

801 3973 854 4008 “
889 3965 1069 4050 mul,
1127 3967 1194 4040 Bt
1243 3965 1524 4060 plenam
1575 3964 2075 4040 Macedonum
2130 3965 2555 4042 Maroneam
2608 3965 2761 4042 effe.

803 4093 854 4130 “
891 4085 1140 4184 Itaque
1175 4082 1536 4164 dominari
1578 4082 2049 4166 adsentatores
2078 4085 2336 4190 regios.
2429 4085 2583 4164 His
2604 4083 2761 4162 solis
