<?xml version="1.0" encoding="UTF-8"?>
<!DOCTYPE html PUBLIC "-//W3C//DTD XHTML 1.0 Transitional//EN"
    "http://www.w3.org/TR/xhtml1/DTD/xhtml1-transitional.dtd">
<html xmlns="http://www.w3.org/1999/xhtml" xml:lang="en" lang="en">
 <head>
  <title>
</title>
<meta http-equiv="Content-Type" content="text/html;charset=utf-8" />
  <meta name='ocr-system' content='tesseract 3.04.00' />
  <meta name='ocr-capabilities' content='ocr_page ocr_carea ocr_par ocr_line ocrx_word'/>
</head>
<body>
  <div class='ocr_page' id='page_1' title='image "./tliviipatavinih01homegoog_0266.png"; bbox 0 0 3100 5359; ppageno 0'>
   <div class='ocr_carea' id='block_1_1' title="bbox 777 727 2069 824">
    <p class='ocr_par' dir='ltr' id='par_1_1' title="bbox 777 727 2069 824">
     <span class='ocr_line' id='line_1_1' title="bbox 777 727 2069 824; baseline 0.002 -26"><span class='ocrx_word' id='word_1_1' title='bbox 777 727 916 824; x_wconf 84' lang='lat'>258</span> <span class='ocrx_word' id='word_1_2' title='bbox 1443 727 2069 801; x_wconf 84' lang='lat' dir='ltr'>T.L1v11</span> 
     </span>
    </p>
   </div>
   <div class='ocr_carea' id='block_1_2' title="bbox 721 895 2775 4236">
    <p class='ocr_par' dir='ltr' id='par_1_2' title="bbox 780 895 2757 1480">
     <span class='ocr_line' id='line_1_2' title="bbox 780 895 2749 978; baseline 0.003 -6"><span class='ocrx_word' id='word_1_3' title='bbox 780 907 834 942; x_wconf 89' lang='lat'><strong>“</strong></span> <span class='ocrx_word' id='word_1_4' title='bbox 872 895 1244 974; x_wconf 85' lang='lat' dir='ltr'>inimicos:</span> <span class='ocrx_word' id='word_1_5' title='bbox 1295 917 1381 974; x_wconf 90' lang='lat' dir='ltr'>ut</span> <span class='ocrx_word' id='word_1_6' title='bbox 1423 899 1502 974; x_wconf 89' lang='lat' dir='ltr'>in</span> <span class='ocrx_word' id='word_1_7' title='bbox 1551 927 1904 976; x_wconf 84' lang='lat' dir='ltr'>carcerem</span> <span class='ocrx_word' id='word_1_8' title='bbox 1934 901 2119 976; x_wconf 86' lang='lat' dir='ltr'>inter</span> <span class='ocrx_word' id='word_1_9' title='bbox 2150 899 2339 977; x_wconf 82' lang='lat' dir='ltr'>fures</span> <span class='ocrx_word' id='word_1_10' title='bbox 2372 903 2749 978; x_wconf 60' lang='lat' dir='ltr'>noeturnos</span> 
     </span>
     <span class='ocr_line' id='line_1_3' title="bbox 781 1017 2751 1111; baseline 0.005 -22"><span class='ocrx_word' id='word_1_11' title='bbox 781 1029 834 1063; x_wconf 90' lang='lat'><strong>“</strong></span> <span class='ocrx_word' id='word_1_12' title='bbox 867 1017 1270 1094; x_wconf 88' lang='lat' dir='ltr'>&amp;latrones</span> <span class='ocrx_word' id='word_1_13' title='bbox 1295 1018 1405 1095; x_wconf 90' lang='lat' dir='ltr'>vir</span> <span class='ocrx_word' id='word_1_14' title='bbox 1423 1021 1829 1096; x_wconf 84' lang='lat' dir='ltr'>clariffimus</span> <span class='ocrx_word' id='word_1_15' title='bbox 1851 1021 2281 1111; x_wconf 80' lang='lat' dir='ltr'>includatur,</span> <span class='ocrx_word' id='word_1_16' title='bbox 2301 1020 2473 1097; x_wconf 83' lang='lat' dir='ltr'>&amp;in</span> <span class='ocrx_word' id='word_1_17' title='bbox 2506 1025 2751 1098; x_wconf 88' lang='lat' dir='ltr'>robore</span> 
     </span>
     <span class='ocr_line' id='line_1_4' title="bbox 781 1139 2753 1238; baseline 0.001 -24"><span class='ocrx_word' id='word_1_18' title='bbox 781 1150 834 1184; x_wconf 86' lang='lat'><strong>“</strong></span> <span class='ocrx_word' id='word_1_19' title='bbox 871 1140 946 1214; x_wconf 74' lang='grc' dir='ltr'>δε</span> <span class='ocrx_word' id='word_1_20' title='bbox 999 1139 1301 1214; x_wconf 90' lang='lat' dir='ltr'>tenebris</span> <span class='ocrx_word' id='word_1_21' title='bbox 1351 1139 1695 1238; x_wconf 80' lang='lat' dir='ltr'>exspiret:</span> <span class='ocrx_word' id='word_1_22' title='bbox 1748 1139 2011 1216; x_wconf 89' lang='lat' dir='ltr'>deinde</span> <span class='ocrx_word' id='word_1_23' title='bbox 2056 1144 2299 1217; x_wconf 88' lang='lat' dir='ltr'>nudus</span> <span class='ocrx_word' id='word_1_24' title='bbox 2331 1163 2493 1217; x_wconf 82' lang='lat' dir='ltr'>ante</span> <span class='ocrx_word' id='word_1_25' title='bbox 2526 1169 2753 1218; x_wconf 79' lang='lat' dir='ltr'>carce·-</span> 
     </span>
     <span class='ocr_line' id='line_1_5' title="bbox 781 1259 2756 1362; baseline 0.001 -27"><span class='ocrx_word' id='word_1_26' title='bbox 781 1271 833 1305; x_wconf 89' lang='lat'><strong>“</strong></span> <span class='ocrx_word' id='word_1_27' title='bbox 870 1286 1018 1336; x_wconf 88' lang='lat' dir='ltr'>rem</span> <span class='ocrx_word' id='word_1_28' title='bbox 1049 1259 1474 1359; x_wconf 86' lang='lat' dir='ltr'>projiciatur.</span> <span class='ocrx_word' id='word_1_29' title='bbox 1576 1263 1749 1336; x_wconf 91' lang='lat' dir='ltr'>Non</span> <span class='ocrx_word' id='word_1_30' title='bbox 1784 1260 1862 1335; x_wconf 92' lang='lat' dir='ltr'>id</span> <span class='ocrx_word' id='word_1_31' title='bbox 1898 1262 2275 1356; x_wconf 18' lang='lat' dir='ltr'>Corneliae*</span> <span class='ocrx_word' id='word_1_32' title='bbox 2300 1262 2529 1362; x_wconf 85' lang='lat' dir='ltr'>magis</span> <span class='ocrx_word' id='word_1_33' title='bbox 2553 1261 2756 1337; x_wconf 77' lang='lat' dir='ltr'>fami·</span> 
     </span>
     <span class='ocr_line' id='line_1_6' title="bbox 784 1381 2757 1480; baseline -0.001 -24"><span class='ocrx_word' id='word_1_34' title='bbox 784 1393 836 1428; x_wconf 91' lang='lat'><strong>“</strong></span> <span class='ocrx_word' id='word_1_35' title='bbox 871 1382 1032 1470; x_wconf 86' lang='lat' dir='ltr'>liae,</span> <span class='ocrx_word' id='word_1_36' title='bbox 1067 1407 1286 1480; x_wconf 86' lang='lat' dir='ltr'>quam</span> <span class='ocrx_word' id='word_1_37' title='bbox 1317 1382 1482 1458; x_wconf 89' lang='lat' dir='ltr'>urbi</span> <span class='ocrx_word' id='word_1_38' title='bbox 1519 1383 1921 1471; x_wconf 88' lang='lat' dir='ltr'>Romanae,</span> <span class='ocrx_word' id='word_1_39' title='bbox 1948 1381 2098 1458; x_wconf 88' lang='lat' dir='ltr'>fore</span> <span class='ocrx_word' id='word_1_40' title='bbox 2124 1381 2757 1458; x_wconf 87' lang='lat' dir='ltr'>erubescendum.&#39;’</span> 
     </span>
    </p>

    <p class='ocr_par' dir='ltr' id='par_1_3' title="bbox 721 1500 2775 4236">
     <span class='ocr_line' id='line_1_7' title="bbox 877 1500 2757 1602; baseline -0.001 -24"><span class='ocrx_word' id='word_1_41' title='bbox 877 1504 1050 1578; x_wconf 90' lang='lat' dir='ltr'>LX.</span> <span class='ocrx_word' id='word_1_42' title='bbox 1153 1500 1510 1576; x_wconf 88' lang='lat' dir='ltr'>Adversus</span> <span class='ocrx_word' id='word_1_43' title='bbox 1564 1528 1647 1575; x_wconf 87' lang='lat' dir='ltr'>ea</span> <span class='ocrx_word' id='word_1_44' title='bbox 1704 1501 2084 1578; x_wconf 86' lang='lat' dir='ltr'>Terentius</span> <span class='ocrx_word' id='word_1_45' title='bbox 2122 1525 2399 1601; x_wconf 85' lang='lat' dir='ltr'>praetor</span> <span class='ocrx_word' id='word_1_46' title='bbox 2450 1501 2757 1602; x_wconf 85' lang='lat' dir='ltr'>rogatio-</span> 
     </span>
     <span class='ocr_line' id='line_1_8' title="bbox 781 1619 2757 1720; baseline 0.001 -26"><span class='ocrx_word' id='word_1_47' title='bbox 781 1647 948 1696; x_wconf 88' lang='lat' dir='ltr'>nem</span> <span class='ocrx_word' id='word_1_48' title='bbox 982 1619 1362 1710; x_wconf 86' lang='lat' dir='ltr'>Petilliam,</span> <span class='ocrx_word' id='word_1_49' title='bbox 1422 1621 1498 1694; x_wconf 88' lang='lat'>&amp;</span> <span class='ocrx_word' id='word_1_50' title='bbox 1531 1619 2231 1712; x_wconf 86' lang='lat' dir='ltr'>senatusconsultum,</span> <span class='ocrx_word' id='word_1_51' title='bbox 2292 1621 2757 1720; x_wconf 86' lang='lat' dir='ltr'>&amp;judicium</span> 
     </span>
     <span class='ocr_line' id='line_1_9' title="bbox 782 1740 2759 1840; baseline 0.001 -25"><span class='ocrx_word' id='word_1_52' title='bbox 782 1740 874 1815; x_wconf 91' lang='lat' dir='ltr'>de</span> <span class='ocrx_word' id='word_1_53' title='bbox 907 1743 1002 1815; x_wconf 90' lang='lat' dir='ltr'>L.</span> <span class='ocrx_word' id='word_1_54' title='bbox 1054 1740 1390 1840; x_wconf 88' lang='lat' dir='ltr'>Scipione</span> <span class='ocrx_word' id='word_1_55' title='bbox 1425 1740 1691 1816; x_wconf 60' lang='lat' dir='ltr'>fafitum</span> <span class='ocrx_word' id='word_1_56' title='bbox 1727 1740 2087 1818; x_wconf 84' lang='lat' dir='ltr'>recitavit:</span> <span class='ocrx_word' id='word_1_57' title='bbox 2139 1741 2235 1832; x_wconf 90' lang='lat' dir='ltr'>se,</span> <span class='ocrx_word' id='word_1_58' title='bbox 2286 1742 2363 1818; x_wconf 91' lang='lat' dir='ltr'>ni</span> <span class='ocrx_word' id='word_1_59' title='bbox 2422 1741 2759 1816; x_wconf 88' lang='lat' dir='ltr'>referatur</span> 
     </span>
     <span class='ocr_line' id='line_1_10' title="bbox 779 1859 2761 1960; baseline 0.003 -26"><span class='ocrx_word' id='word_1_60' title='bbox 779 1859 1088 1960; x_wconf 89' lang='lat' dir='ltr'>pecunia</span> <span class='ocrx_word' id='word_1_61' title='bbox 1111 1860 1188 1934; x_wconf 92' lang='lat' dir='ltr'>in</span> <span class='ocrx_word' id='word_1_62' title='bbox 1214 1861 1619 1960; x_wconf 90' lang='lat' dir='ltr'>publicum,</span> <span class='ocrx_word' id='word_1_63' title='bbox 1656 1862 2165 1960; x_wconf 82' lang='lat' dir='ltr'>quaejudicata</span> <span class='ocrx_word' id='word_1_64' title='bbox 2190 1866 2296 1951; x_wconf 90' lang='lat' dir='ltr'>fit,</span> <span class='ocrx_word' id='word_1_65' title='bbox 2329 1862 2515 1937; x_wconf 86' lang='lat' dir='ltr'>nihil</span> <span class='ocrx_word' id='word_1_66' title='bbox 2544 1865 2761 1940; x_wconf 83' lang='lat' dir='ltr'>habe-</span> 
     </span>
     <span class='ocr_line' id='line_1_11' title="bbox 781 1980 2763 2079; baseline 0 -23"><span class='ocrx_word' id='word_1_67' title='bbox 781 2005 880 2071; x_wconf 89' lang='lat' dir='ltr'>re,</span> <span class='ocrx_word' id='word_1_68' title='bbox 915 1983 1119 2079; x_wconf 90' lang='lat' dir='ltr'>quod</span> <span class='ocrx_word' id='word_1_69' title='bbox 1145 1980 1378 2070; x_wconf 87' lang='lat' dir='ltr'>faciat,</span> <span class='ocrx_word' id='word_1_70' title='bbox 1415 1981 1539 2056; x_wconf 78' lang='lat' dir='ltr'>nisi</span> <span class='ocrx_word' id='word_1_71' title='bbox 1576 2002 1660 2056; x_wconf 91' lang='lat' dir='ltr'>ut</span> <span class='ocrx_word' id='word_1_72' title='bbox 1692 1982 2035 2078; x_wconf 90' lang='lat' dir='ltr'>prehendi</span> <span class='ocrx_word' id='word_1_73' title='bbox 2072 1985 2524 2072; x_wconf 87' lang='lat' dir='ltr'>damnatum,</span> <span class='ocrx_word' id='word_1_74' title='bbox 2574 1984 2655 2056; x_wconf 87' lang='lat'>&amp;</span> <span class='ocrx_word' id='word_1_75' title='bbox 2686 1982 2763 2056; x_wconf 90' lang='lat' dir='ltr'>in</span> 
     </span>
     <span class='ocr_line' id='line_1_12' title="bbox 779 2100 2765 2199; baseline 0.002 -23"><span class='ocrx_word' id='word_1_76' title='bbox 779 2102 1070 2178; x_wconf 85' lang='lat' dir='ltr'>vincula</span> <span class='ocrx_word' id='word_1_77' title='bbox 1101 2100 1272 2176; x_wconf 92' lang='lat' dir='ltr'>duci</span> <span class='ocrx_word' id='word_1_78' title='bbox 1287 2101 1561 2198; x_wconf 85' lang='lat' dir='ltr'>jubeat.</span> <span class='ocrx_word' id='word_1_79' title='bbox 1662 2101 1978 2177; x_wconf 89' lang='lat' dir='ltr'>Tribuni</span> <span class='ocrx_word' id='word_1_80' title='bbox 2014 2127 2247 2199; x_wconf 87' lang='lat' dir='ltr'>quum</span> <span class='ocrx_word' id='word_1_81' title='bbox 2284 2103 2358 2177; x_wconf 91' lang='lat' dir='ltr'>in</span> <span class='ocrx_word' id='word_1_82' title='bbox 2387 2103 2765 2180; x_wconf 84' lang='lat' dir='ltr'>confilium</span> 
     </span>
     <span class='ocr_line' id='line_1_13' title="bbox 781 2219 2764 2324; baseline 0.001 -28"><span class='ocrx_word' id='word_1_83' title='bbox 781 2220 1208 2311; x_wconf 84' lang='lat' dir='ltr'>seceff1ffent,</span> <span class='ocrx_word' id='word_1_84' title='bbox 1263 2223 1504 2319; x_wconf 88' lang='lat' dir='ltr'>paullo</span> <span class='ocrx_word' id='word_1_85' title='bbox 1533 2221 1693 2320; x_wconf 89' lang='lat' dir='ltr'>post</span> <span class='ocrx_word' id='word_1_86' title='bbox 1728 2223 1812 2296; x_wconf 93' lang='lat' dir='ltr'>C.</span> <span class='ocrx_word' id='word_1_87' title='bbox 1838 2219 2154 2296; x_wconf 88' lang='lat' dir='ltr'>Fannius</span> <span class='ocrx_word' id='word_1_88' title='bbox 2186 2249 2280 2297; x_wconf 81' lang='lat' dir='ltr'>ex</span> <span class='ocrx_word' id='word_1_89' title='bbox 2312 2220 2435 2298; x_wconf 87' lang='lat' dir='ltr'>sua</span> <span class='ocrx_word' id='word_1_90' title='bbox 2452 2226 2764 2324; x_wconf 84' lang='lat' dir='ltr'>collega-</span> 
     </span>
     <span class='ocr_line' id='line_1_14' title="bbox 782 2341 2769 2443; baseline -0.001 -25"><span class='ocrx_word' id='word_1_91' title='bbox 782 2367 1090 2443; x_wconf 89' lang='lat' dir='ltr'>rumque</span> <span class='ocrx_word' id='word_1_92' title='bbox 1165 2341 1495 2430; x_wconf 86' lang='lat' dir='ltr'>aliorum,</span> <span class='ocrx_word' id='word_1_93' title='bbox 1564 2363 1835 2442; x_wconf 87' lang='lat' dir='ltr'>praeter</span> <span class='ocrx_word' id='word_1_94' title='bbox 1890 2344 2333 2431; x_wconf 87' lang='lat' dir='ltr'>Gracchum,</span> <span class='ocrx_word' id='word_1_95' title='bbox 2422 2341 2769 2419; x_wconf 89' lang='lat' dir='ltr'>sententia</span> 
     </span>
     <span class='ocr_line' id='line_1_15' title="bbox 721 2460 2765 2568; baseline 0.002 -34"><span class='ocrx_word' id='word_1_96' title='bbox 721 2531 724 2534; x_wconf 78' lang='grc'>,</span> <span class='ocrx_word' id='word_1_97' title='bbox 782 2461 1305 2562; x_wconf 86' lang='lat' dir='ltr'>pronunciavit,</span> <span class='ocrx_word' id='word_1_98' title='bbox 1339 2473 1390 2506; x_wconf 91' lang='lat'><strong>“</strong></span> <span class='ocrx_word' id='word_1_99' title='bbox 1427 2460 1728 2560; x_wconf 88' lang='lat' dir='ltr'>praetori</span> <span class='ocrx_word' id='word_1_100' title='bbox 1762 2487 1909 2536; x_wconf 88' lang='lat' dir='ltr'>non</span> <span class='ocrx_word' id='word_1_101' title='bbox 1944 2460 2373 2568; x_wconf 80' lang='lat' dir='ltr'>intercedere</span> <span class='ocrx_word' id='word_1_102' title='bbox 2407 2461 2765 2552; x_wconf 83' lang='lat' dir='ltr'>tribunos,</span> 
     </span>
     <span class='ocr_line' id='line_1_16' title="bbox 780 2579 2768 2680; baseline 0.002 -25"><span class='ocrx_word' id='word_1_103' title='bbox 780 2593 829 2627; x_wconf 81' lang='lat'>‘⁶</span> <span class='ocrx_word' id='word_1_104' title='bbox 865 2607 1016 2680; x_wconf 90' lang='lat' dir='ltr'>quo</span> <span class='ocrx_word' id='word_1_105' title='bbox 1049 2581 1288 2657; x_wconf 88' lang='lat' dir='ltr'>minus</span> <span class='ocrx_word' id='word_1_106' title='bbox 1321 2579 1442 2656; x_wconf 91' lang='lat' dir='ltr'>sua</span> <span class='ocrx_word' id='word_1_107' title='bbox 1466 2580 1803 2679; x_wconf 89' lang='lat' dir='ltr'>potestate</span> <span class='ocrx_word' id='word_1_108' title='bbox 1830 2584 2134 2656; x_wconf 87' lang='lat' dir='ltr'>utatur.”</span> <span class='ocrx_word' id='word_1_109' title='bbox 2235 2581 2360 2657; x_wconf 91' lang='lat' dir='ltr'>Ti.</span> <span class='ocrx_word' id='word_1_110' title='bbox 2394 2587 2768 2658; x_wconf 84' lang='lat' dir='ltr'>Gracchus</span> 
     </span>
     <span class='ocr_line' id='line_1_17' title="bbox 781 2700 2767 2803; baseline 0 -27"><span class='ocrx_word' id='word_1_111' title='bbox 781 2703 882 2777; x_wconf 87' lang='lat' dir='ltr'>ita</span> <span class='ocrx_word' id='word_1_112' title='bbox 913 2701 1264 2778; x_wconf 85' lang='lat' dir='ltr'>decrevit:</span> <span class='ocrx_word' id='word_1_113' title='bbox 1324 2712 1374 2746; x_wconf 87' lang='lat'><strong>“</strong></span> <span class='ocrx_word' id='word_1_114' title='bbox 1413 2708 1587 2803; x_wconf 84' lang='lat' dir='ltr'>Qo</span> <span class='ocrx_word' id='word_1_115' title='bbox 1622 2701 1861 2776; x_wconf 88' lang='lat' dir='ltr'>minus</span> <span class='ocrx_word' id='word_1_116' title='bbox 1894 2726 1983 2775; x_wconf 87' lang='lat' dir='ltr'>ex</span> <span class='ocrx_word' id='word_1_117' title='bbox 2017 2700 2223 2775; x_wconf 88' lang='lat' dir='ltr'>bonis</span> <span class='ocrx_word' id='word_1_118' title='bbox 2251 2705 2343 2776; x_wconf 88' lang='lat' dir='ltr'>L.</span> <span class='ocrx_word' id='word_1_119' title='bbox 2379 2701 2767 2800; x_wconf 89' lang='lat' dir='ltr'>Scipionis,</span> 
     </span>
     <span class='ocr_line' id='line_1_18' title="bbox 784 2819 2768 2921; baseline 0 -25"><span class='ocrx_word' id='word_1_120' title='bbox 784 2832 840 2867; x_wconf 88' lang='lat'><strong>“</strong></span> <span class='ocrx_word' id='word_1_121' title='bbox 873 2823 1076 2921; x_wconf 88' lang='lat' dir='ltr'>quod</span> <span class='ocrx_word' id='word_1_122' title='bbox 1087 2820 1499 2919; x_wconf 89' lang='lat' dir='ltr'>judicatum</span> <span class='ocrx_word' id='word_1_123' title='bbox 1531 2825 1635 2908; x_wconf 87' lang='lat' dir='ltr'>fit,</span> <span class='ocrx_word' id='word_1_124' title='bbox 1674 2819 2058 2921; x_wconf 86' lang='lat' dir='ltr'>redigatur,</span> <span class='ocrx_word' id='word_1_125' title='bbox 2086 2819 2153 2894; x_wconf 89' lang='lat' dir='ltr'>se</span> <span class='ocrx_word' id='word_1_126' title='bbox 2188 2848 2334 2896; x_wconf 89' lang='lat' dir='ltr'>non</span> <span class='ocrx_word' id='word_1_127' title='bbox 2368 2821 2768 2897; x_wconf 88' lang='lat' dir='ltr'>intercede-</span> 
     </span>
     <span class='ocr_line' id='line_1_19' title="bbox 783 2940 2771 3042; baseline -0.001 -26"><span class='ocrx_word' id='word_1_128' title='bbox 783 2952 834 2986; x_wconf 91' lang='lat'><strong>“</strong></span> <span class='ocrx_word' id='word_1_129' title='bbox 871 2967 944 3016; x_wconf 90' lang='lat' dir='ltr'>re</span> <span class='ocrx_word' id='word_1_130' title='bbox 977 2942 1302 3041; x_wconf 88' lang='lat' dir='ltr'>praetori.</span> <span class='ocrx_word' id='word_1_131' title='bbox 1401 2945 1496 3017; x_wconf 90' lang='lat' dir='ltr'>L.</span> <span class='ocrx_word' id='word_1_132' title='bbox 1531 2940 1942 3038; x_wconf 89' lang='lat' dir='ltr'>Scipionem</span> <span class='ocrx_word' id='word_1_133' title='bbox 1996 2941 2155 3039; x_wconf 91' lang='lat' dir='ltr'>(qui</span> <span class='ocrx_word' id='word_1_134' title='bbox 2186 2967 2425 3042; x_wconf 87' lang='lat' dir='ltr'>regem</span> <span class='ocrx_word' id='word_1_135' title='bbox 2458 2945 2771 3040; x_wconf 90' lang='lat' dir='ltr'>opulen-</span> 
     </span>
     <span class='ocr_line' id='line_1_20' title="bbox 780 3058 2770 3162; baseline -0.001 -24"><span class='ocrx_word' id='word_1_136' title='bbox 780 3073 834 3108; x_wconf 87' lang='lat'>“</span> <span class='ocrx_word' id='word_1_137' title='bbox 869 3061 1208 3138; x_wconf 85' lang='lat' dir='ltr'>tiflimum</span> <span class='ocrx_word' id='word_1_138' title='bbox 1227 3058 1416 3136; x_wconf 88' lang='lat' dir='ltr'>orbis</span> <span class='ocrx_word' id='word_1_139' title='bbox 1444 3083 1783 3137; x_wconf 89' lang='lat' dir='ltr'>terrarum</span> <span class='ocrx_word' id='word_1_140' title='bbox 1817 3059 2183 3148; x_wconf 86' lang='lat' dir='ltr'>devicerit,</span> <span class='ocrx_word' id='word_1_141' title='bbox 2214 3061 2607 3159; x_wconf 86' lang='lat' dir='ltr'>imperium</span> <span class='ocrx_word' id='word_1_142' title='bbox 2642 3089 2770 3162; x_wconf 90' lang='lat' dir='ltr'>po·-</span> 
     </span>
     <span class='ocr_line' id='line_1_21' title="bbox 783 3180 2772 3284; baseline -0.001 -25"><span class='ocrx_word' id='word_1_143' title='bbox 783 3193 838 3229; x_wconf 88' lang='lat'><strong><em>“</em></strong></span> <span class='ocrx_word' id='word_1_144' title='bbox 869 3182 1026 3284; x_wconf 90' lang='lat' dir='ltr'>puli</span> <span class='ocrx_word' id='word_1_145' title='bbox 1071 3181 1390 3259; x_wconf 88' lang='lat' dir='ltr'>Romani</span> <span class='ocrx_word' id='word_1_146' title='bbox 1438 3181 1927 3283; x_wconf 88' lang='lat' dir='ltr'>propagaverit</span> <span class='ocrx_word' id='word_1_147' title='bbox 1977 3180 2053 3256; x_wconf 90' lang='lat' dir='ltr'>in</span> <span class='ocrx_word' id='word_1_148' title='bbox 2092 3180 2386 3256; x_wconf 86' lang='lat' dir='ltr'>ultimos</span> <span class='ocrx_word' id='word_1_149' title='bbox 2412 3201 2772 3257; x_wconf 88' lang='lat' dir='ltr'>terrarum</span> 
     </span>
     <span class='ocr_line' id='line_1_22' title="bbox 787 3299 2775 3403; baseline -0.001 -23"><span class='ocrx_word' id='word_1_150' title='bbox 787 3315 841 3351; x_wconf 88' lang='lat'><strong>“</strong></span> <span class='ocrx_word' id='word_1_151' title='bbox 875 3306 1078 3394; x_wconf 91' lang='lat' dir='ltr'>fines,</span> <span class='ocrx_word' id='word_1_152' title='bbox 1106 3329 1346 3403; x_wconf 85' lang='lat' dir='ltr'>regem</span> <span class='ocrx_word' id='word_1_153' title='bbox 1370 3306 1807 3393; x_wconf 87' lang='lat' dir='ltr'>Eumenem,</span> <span class='ocrx_word' id='word_1_154' title='bbox 1831 3301 2193 3391; x_wconf 85' lang='lat' dir='ltr'>Rhodios,</span> <span class='ocrx_word' id='word_1_155' title='bbox 2226 3299 2392 3376; x_wconf 85' lang='lat' dir='ltr'>alias</span> <span class='ocrx_word' id='word_1_156' title='bbox 2419 3321 2528 3375; x_wconf 89' lang='lat' dir='ltr'>tot</span> <span class='ocrx_word' id='word_1_157' title='bbox 2552 3305 2775 3378; x_wconf 88' lang='lat' dir='ltr'>urbes</span> 
     </span>
     <span class='ocr_line' id='line_1_23' title="bbox 789 3420 2775 3523; baseline -0.002 -24"><span class='ocrx_word' id='word_1_158' title='bbox 789 3433 842 3469; x_wconf 91' lang='lat'><strong>“</strong></span> <span class='ocrx_word' id='word_1_159' title='bbox 877 3427 1082 3499; x_wconf 89' lang='lat' dir='ltr'>Afiae</span> <span class='ocrx_word' id='word_1_160' title='bbox 1114 3422 1514 3499; x_wconf 85' lang='lat' dir='ltr'>devinxerit</span> <span class='ocrx_word' id='word_1_161' title='bbox 1536 3422 1788 3523; x_wconf 91' lang='lat' dir='ltr'>populi</span> <span class='ocrx_word' id='word_1_162' title='bbox 1823 3422 2139 3499; x_wconf 89' lang='lat' dir='ltr'>Romani</span> <span class='ocrx_word' id='word_1_163' title='bbox 2175 3420 2566 3510; x_wconf 88' lang='lat' dir='ltr'>beneficiis,</span> <span class='ocrx_word' id='word_1_164' title='bbox 2602 3425 2775 3521; x_wconf 88' lang='lat' dir='ltr'>plu-</span> 
     </span>
     <span class='ocr_line' id='line_1_24' title="bbox 791 3541 2775 3641; baseline 0.001 -24"><span class='ocrx_word' id='word_1_165' title='bbox 791 3553 843 3589; x_wconf 89' lang='lat'>“</span> <span class='ocrx_word' id='word_1_166' title='bbox 879 3541 1098 3620; x_wconf 87' lang='lat' dir='ltr'>rimos</span> <span class='ocrx_word' id='word_1_167' title='bbox 1116 3545 1339 3618; x_wconf 91' lang='lat' dir='ltr'>duces</span> <span class='ocrx_word' id='word_1_168' title='bbox 1371 3543 1686 3618; x_wconf 89' lang='lat' dir='ltr'>hostium</span> <span class='ocrx_word' id='word_1_169' title='bbox 1708 3542 1782 3617; x_wconf 90' lang='lat' dir='ltr'>in</span> <span class='ocrx_word' id='word_1_170' title='bbox 1804 3543 2170 3641; x_wconf 86' lang='lat' dir='ltr'>triumpho</span> <span class='ocrx_word' id='word_1_171' title='bbox 2199 3543 2452 3616; x_wconf 68' lang='lat' dir='ltr'>ductos</span> <span class='ocrx_word' id='word_1_172' title='bbox 2486 3568 2775 3620; x_wconf 87' lang='lat' dir='ltr'>carcere</span> 
     </span>
     <span class='ocr_line' id='line_1_25' title="bbox 790 3661 2775 3762; baseline 0.002 -26"><span class='ocrx_word' id='word_1_173' title='bbox 790 3673 843 3709; x_wconf 89' lang='lat'>“</span> <span class='ocrx_word' id='word_1_174' title='bbox 877 3661 1268 3758; x_wconf 89' lang='lat' dir='ltr'>incluserit)</span> <span class='ocrx_word' id='word_1_175' title='bbox 1302 3689 1447 3738; x_wconf 89' lang='lat' dir='ltr'>non</span> <span class='ocrx_word' id='word_1_176' title='bbox 1481 3665 1842 3762; x_wconf 82' lang='lat' dir='ltr'>passurum</span> <span class='ocrx_word' id='word_1_177' title='bbox 1875 3661 2056 3738; x_wconf 88' lang='lat' dir='ltr'>inter</span> <span class='ocrx_word' id='word_1_178' title='bbox 2074 3661 2302 3736; x_wconf 89' lang='lat' dir='ltr'>hostes</span> <span class='ocrx_word' id='word_1_179' title='bbox 2324 3662 2577 3762; x_wconf 90' lang='lat' dir='ltr'>populi</span> <span class='ocrx_word' id='word_1_180' title='bbox 2607 3666 2775 3739; x_wconf 79' lang='lat' dir='ltr'>Ro-</span> 
     </span>
     <span class='ocr_line' id='line_1_26' title="bbox 791 3781 2775 3884; baseline 0.001 -26"><span class='ocrx_word' id='word_1_181' title='bbox 791 3793 845 3829; x_wconf 90' lang='lat'><strong>“</strong></span> <span class='ocrx_word' id='word_1_182' title='bbox 879 3783 1076 3858; x_wconf 86' lang='lat' dir='ltr'>mani</span> <span class='ocrx_word' id='word_1_183' title='bbox 1106 3786 1200 3858; x_wconf 95' lang='lat' dir='ltr'>L.</span> <span class='ocrx_word' id='word_1_184' title='bbox 1235 3782 1647 3884; x_wconf 88' lang='lat' dir='ltr'>Scipionem</span> <span class='ocrx_word' id='word_1_185' title='bbox 1673 3783 1748 3857; x_wconf 90' lang='lat' dir='ltr'>in</span> <span class='ocrx_word' id='word_1_186' title='bbox 1779 3808 2049 3858; x_wconf 89' lang='lat' dir='ltr'>carcere</span> <span class='ocrx_word' id='word_1_187' title='bbox 2071 3781 2238 3856; x_wconf 87' lang='lat' dir='ltr'>&amp;in</span> <span class='ocrx_word' id='word_1_188' title='bbox 2268 3781 2575 3858; x_wconf 83' lang='lat' dir='ltr'>vinculis</span> <span class='ocrx_word' id='word_1_189' title='bbox 2600 3788 2775 3873; x_wconf 85' lang='lat' dir='ltr'>effe,</span> 
     </span>
     <span class='ocr_line' id='line_1_27' title="bbox 790 3900 2775 4003; baseline -0.002 -21"><span class='ocrx_word' id='word_1_190' title='bbox 790 3916 844 3952; x_wconf 88' lang='lat'><strong>“</strong></span> <span class='ocrx_word' id='word_1_191' title='bbox 874 3903 1211 4003; x_wconf 87' lang='lat' dir='ltr'>mittique</span> <span class='ocrx_word' id='word_1_192' title='bbox 1241 3932 1411 3981; x_wconf 87' lang='lat' dir='ltr'>eum</span> <span class='ocrx_word' id='word_1_193' title='bbox 1443 3904 1509 3980; x_wconf 89' lang='lat' dir='ltr'>se</span> <span class='ocrx_word' id='word_1_194' title='bbox 1525 3905 1857 4003; x_wconf 88' lang='lat' dir='ltr'>jubere.&#39;’</span> <span class='ocrx_word' id='word_1_195' title='bbox 1953 3906 2193 3977; x_wconf 89' lang='lat' dir='ltr'>Tanto</span> <span class='ocrx_word' id='word_1_196' title='bbox 2226 3900 2515 3978; x_wconf 90' lang='lat' dir='ltr'>adsensu</span> <span class='ocrx_word' id='word_1_197' title='bbox 2552 3905 2775 3980; x_wconf 89' lang='lat' dir='ltr'>audi-</span> 
     </span>
     <span class='ocr_line' id='line_1_28' title="bbox 789 4021 2775 4122; baseline -0.001 -20"><span class='ocrx_word' id='word_1_198' title='bbox 789 4047 950 4102; x_wconf 89' lang='lat' dir='ltr'>tum</span> <span class='ocrx_word' id='word_1_199' title='bbox 1001 4025 1104 4100; x_wconf 88' lang='lat' dir='ltr'>est</span> <span class='ocrx_word' id='word_1_200' title='bbox 1135 4026 1530 4114; x_wconf 89' lang='lat' dir='ltr'>decretum,</span> <span class='ocrx_word' id='word_1_201' title='bbox 1581 4025 1760 4100; x_wconf 87' lang='lat' dir='ltr'>adeo</span> <span class='ocrx_word' id='word_1_202' title='bbox 1808 4021 2171 4098; x_wconf 84' lang='lat' dir='ltr'>dimiffum</span> <span class='ocrx_word' id='word_1_203' title='bbox 2224 4026 2318 4098; x_wconf 94' lang='lat' dir='ltr'>L.</span> <span class='ocrx_word' id='word_1_204' title='bbox 2352 4023 2775 4122; x_wconf 87' lang='lat' dir='ltr'>Scipionem</span> 
     </span>
     <span class='ocr_line' id='line_1_29' title="bbox 794 4141 2775 4236; baseline -0.001 -12"><span class='ocrx_word' id='word_1_205' title='bbox 794 4144 957 4224; x_wconf 89' lang='lat' dir='ltr'>laeti</span> <span class='ocrx_word' id='word_1_206' title='bbox 988 4145 1315 4226; x_wconf 88' lang='lat' dir='ltr'>homines</span> <span class='ocrx_word' id='word_1_207' title='bbox 1346 4145 1704 4236; x_wconf 87' lang='lat' dir='ltr'>viderunt,</span> <span class='ocrx_word' id='word_1_208' title='bbox 1738 4165 1823 4218; x_wconf 92' lang='lat' dir='ltr'>ut</span> <span class='ocrx_word' id='word_1_209' title='bbox 1865 4141 1990 4219; x_wconf 81' lang='lat' dir='ltr'>vix</span> <span class='ocrx_word' id='word_1_210' title='bbox 2044 4141 2118 4218; x_wconf 91' lang='lat' dir='ltr'>in</span> <span class='ocrx_word' id='word_1_211' title='bbox 2177 4145 2429 4221; x_wconf 87' lang='lat' dir='ltr'>eadem</span> <span class='ocrx_word' id='word_1_212' title='bbox 2477 4144 2775 4222; x_wconf 88' lang='lat' dir='ltr'>civitate</span> 
     </span>
    </p>
   </div>
   <div class='ocr_carea' id='block_1_3' title="bbox 3050 2603 3062 4716">
    <p class='ocr_par' dir='ltr' id='par_1_4' title="bbox 3050 2603 3062 4716">
     <span class='ocr_line' id='line_1_30' title="bbox 3050 2603 3062 4716; baseline 0 0"><span class='ocrx_word' id='word_1_213' title='bbox 3050 2603 3062 4716; x_wconf 95' lang='lat' dir='ltr'> </span> 
     </span>
    </p>
   </div>
  </div>
 </body>
</html>
