3100 5359
735 712 878 788 330
1433 686 2068 762 T.L1v11

737 860 839 935 est
881 860 1127 958 juffus.
1226 856 1420 935 Galli
1484 857 1954 957 Transalpini,
2008 884 2136 956 per
2182 856 2385 933 saltus
2422 856 2715 957 ignotae

738 1002 942 1055 antea
989 1006 1143 1055 vrae
1211 982 1324 1077 (ut
1373 998 1537 1054 ante
1570 977 1848 1053 dic‘tum
1890 978 2019 1073 est)
2076 976 2155 1053 in
2186 976 2461 1052 Italiam
2494 978 2711 1053 trans-

739 1102 963 1200 greffi,
1019 1100 1375 1198 oppidum
1423 1098 1496 1173 in
1531 1124 1728 1198 agro,
1778 1097 1907 1198 qui
1934 1124 2128 1173 nunc
2156 1097 2261 1172 est
2290 1094 2709 1197 Aquilejen-

739 1224 847 1308 fis,
877 1218 1362 1294 aedificabant.
1464 1220 1550 1293 Id
1581 1244 1699 1294 eos
1730 1240 1813 1293 ut
1844 1217 2275 1319 prohiberet,
2329 1219 2533 1315 quod
2562 1217 2711 1314 ejus

740 1344 878 1415 fine
914 1339 1100 1415 bello
1121 1340 1364 1436 pollet,
1401 1338 1701 1437 praetori
1722 1339 2141 1413 mandatum
2162 1338 2287 1413 est.
2390 1338 2465 1411 Si
2496 1335 2713 1412 armis

737 1457 1163 1562 prohibendi
1198 1460 1438 1547 effent,
1495 1457 1815 1535 consules
1849 1456 2178 1534 certiores
2210 1456 2489 1532 faceret.
2590 1460 2708 1531 Ex

735 1580 846 1655 his
897 1581 1168 1677 placere
1219 1578 1518 1655 alterum
1551 1578 1878 1655 adversus
1912 1580 2157 1655 Gallos
2186 1579 2449 1652 ducere
2482 1575 2705 1677 legio-

739 1727 884 1775 neS.
985 1696 1356 1774 Extremo
1379 1698 1629 1799 prioris
1686 1698 1853 1773 anni
1907 1696 2197 1774 comitia
2239 1696 2483 1773 habita
2510 1720 2713 1772 erant

735 1822 811 1894 in
865 1818 1222 1894 demortui
1289 1822 1426 1895 Cn.
1492 1817 1810 1894 Cornelii
1862 1820 2107 1895 locum
2187 1816 2477 1918 auguris
2539 1816 2701 1893 sub-

736 1939 1051 2017 ficiendi.
1134 1943 1427 2016 Creatus
1445 1941 1566 2037 Sp.
1598 1938 2003 2013 Postumius
2026 1938 2361 2014 Albinus.

832 2062 1112 2139 XLVI.
1250 2060 1496 2155 Hujus
1562 2057 1913 2157 principio
1978 2057 2145 2132 anni
2211 2061 2295 2133 P.
2376 2056 2705 2132 Licinius

736 2184 1009 2259 Crafi’us
1067 2179 1390 2280 pontifex
1446 2176 1805 2253 maximus
1840 2199 2161 2253 mortuus
2212 2178 2343 2253 est:
2400 2176 2477 2251 in
2504 2180 2705 2276 cujus

735 2306 981 2379 locum
1015 2304 1132 2375 M.
1165 2298 1627 2397 Sempronius
1653 2297 2061 2373 Tuditanus
2088 2296 2417 2395 pontifex
2450 2296 2553 2371 est
2584 2324 2703 2373 co-

735 2443 1057 2521 optatus:
1106 2418 1432 2520 pontifex
1453 2416 1806 2492 maximus
1831 2418 1932 2493 est
1963 2438 2231 2493 creatus
2249 2420 2336 2494 C.
2370 2416 2705 2493 Servilius

737 2542 1112 2617 Geminus.
1213 2543 1295 2613 P.
1331 2536 1606 2613 Licinii
1640 2536 1903 2612 funeris
1933 2540 2160 2613 cauffa
2190 2537 2553 2613 visceratio
2580 2541 2702 2613 da·

733 2685 830 2750 ta,
891 2667 959 2736 ὅτ
993 2658 1410 2760 gladiatores
1443 2678 1735 2733 centum
1769 2657 2029 2757 viginti
2061 2680 2585 2758 pugnaverunt,
2630 2660 2707 2733 δε

735 2781 892 2857 ludi
921 2780 1248 2855 fimebres
1271 2806 1396 2879 per
1415 2778 1740 2853 triduum
1755 2776 1947 2866 faeti,
1977 2778 2132 2875 post
2155 2780 2364 2853 ludos
2382 2781 2705 2877 epulum.

735 2906 820 2979 In
853 2928 1029 3001 qu0,
1065 2924 1298 2998 quum
1327 2920 1479 2974 toto
1513 2897 1672 2972 foro
1704 2898 1906 2973 strata
1932 2896 2233 2972 triclinia
2264 2899 2506 2987 effent‚
2528 2920 2705 2974 tem·

731 3022 981 3125 pestas,
1015 3046 1187 3097 cum
1219 3017 1496 3119 magnis
1529 3017 1855 3115 procellis
1880 3038 2144 3107 coorta,
2180 3018 2419 3117 coEgit
2446 3019 2701 3119 pleros-

733 3172 877 3245 que
937 3142 1384 3251 tabernacula
1433 3138 1730 3213 statuere
1770 3136 1843 3210 in
1883 3135 2061 3211 foro.
2162 3138 2440 3213 Eadem
2466 3142 2707 3239 paullo

733 3266 916 3363 post,
975 3288 1209 3361 quum
1259 3257 1587 3357 undique
1622 3256 2107 3346 differenaffet,
2168 3256 2459 3333 sublata.
2562 3263 2708 3336 De·

737 3380 1159 3481 funfimsque
1191 3382 1412 3479 vulgo
1444 3376 1785 3465 ferebant,
1818 3378 2024 3475 quod
2050 3375 2233 3453 inter
2263 3376 2495 3453 fatalia
2518 3400 2707 3455 vates

737 3502 1167 3591 cecinifl'ent,
1226 3502 1492 3575 neceffe
1527 3498 1660 3574 esse
1696 3499 2144 3579 tabernacula
2175 3496 2251 3571 in
2285 3497 2439 3572 foro
2472 3498 2705 3575 statui.

735 3626 902 3704 Hac
933 3620 1273 3720 religione
1305 3618 1546 3695 levatis
1572 3620 1783 3694 altera
1816 3617 2097 3715 injefflt,
2133 3620 2337 3717 quod
2362 3616 2703 3719 sanguine

733 3770 858 3845 per
890 3742 1202 3819 biduum
1235 3740 1512 3839 pluifl‘et
1539 3739 1615 3813 in
1662 3764 1817 3814 area
1866 3738 2217 3813 Vulcani:
2268 3742 2337 3813 &
2394 3764 2521 3837 per
2580 3742 2700 3816 de-

733 3860 1078 3942 cemviros
1124 3858 1541 3960 supplicatio
1576 3858 1843 3933 indieta
1872 3879 2019 3933 erat
2050 3860 2198 3955 ejus
2232 3858 2543 3958 prodigii
2576 3886 2697 3935 ex.

730 3980 980 4085 piandi
1013 3982 1263 4056 cauffa.
1365 3978 1787 4077 Priusquam
1820 3978 2137 4053 consules
2185 3978 2263 4053 in
2306 3978 2697 4077 provincias

727 4098 1358 4209 proficiscerentur,
1421 4099 1805 4200 legationes
1852 4098 2333 4179 transmarinas
2386 4098 2462 4180 in
2506 4098 2697 4179 sena·
2848 4186 2855 4191 ,
