3100 5359
876 746 1339 820 Lrnnn
1440 745 1796 822 XXXVI.
2229 769 2373 847 355x

360 937 759 1016 verterunt-x„
812 917 1081 995 Atilius
1106 919 1504 1010 Piraeeum,
1526 922 1724 996 unde
1757 919 2115 1020 profectus
2147 940 2319 1009 erat,

360 1065 531 1114 cum
586 1037 875 1139 agmine
910 1039 1347 1139 captivarum
1391 1039 1686 1116 navium
1730 1043 2072 1128 revectus,
2125 1065 2320 1139 mag-

358 1185 527 1234 nam
568 1159 722 1234 vim
772 1157 1113 1236 fiumenti
1145 1164 1214 1235 δε
1270 1159 1822 1236 Atheniensibus
1855 1165 1924 1235 &
1959 1159 2112 1234 aliis
2145 1158 2320 1256 ejus-

358 1280 525 1356 dem
550 1277 863 1378 regionis
896 1279 1097 1355 sociis
1133 1279 1385 1354 divifit.

436 1401 666 1474 XXI.
768 1399 1201 1490 Antiochus,
1279 1398 1410 1475 sub
1474 1400 1864 1474 adventum
1930 1399 2236 1476 consulis
2281 1427 2324 1475 a

360 1519 708 1596 Chalcide
764 1519 1149 1619 profectus,
1201 1523 1495 1594 Tenum
1539 1519 1775 1617 primo
1829 1520 2096 1594 renuite
2152 1519 2321 1594 inde

362 1639 729 1739 Ephesum
752 1639 1139 1715 transmisit.
1237 1637 1531 1714 Consuli
1559 1638 1980 1714 Chalcidem
2005 1639 2319 1714 venienti

360 1783 597 1860 portae
678 1780 1085 1858 patuerunt,
1180 1784 1440 1858 quum,
1514 1757 2128 1857 adpropinquante
2193 1785 2308 1849 e0,

360 1880 794 1968 Aristoteles,
845 1877 1231 1978 praefeetus
1260 1877 1466 1978 regiS,
1516 1883 1694 1954 urbe
1727 1881 2122 1956 exceffiffet.
2225 1883 2323 1956 Et

358 2021 623 2076 ceterae
675 2002 885 2074 urbes
938 1999 1013 2073 in
1050 2001 1350 2074 Euboea
1397 2002 1535 2072 fine
1582 2000 1962 2074 certamine
1997 1999 2317 2088 traditae,

360 2119 517 2217 post
538 2117 944 2218 paucosque
978 2117 1155 2206 diez,
1208 2117 1545 2194 omnibus
1579 2119 1990 2218 perpacatis,
2043 2123 2182 2196 fine
2213 2123 2322 2196 ul-

362 2239 497 2314 lius
522 2265 716 2314 noxa
758 2238 957 2314 urbis
1006 2237 1367 2318 exercitus,
1402 2240 1918 2337 Thermopylas
1963 2240 2321 2329 reduCtuS,

362 2363 591 2434 multo
642 2358 989 2434 modestia
1020 2360 1176 2457 post
1202 2358 1600 2448 victoriam,
1653 2385 1872 2456 quam
1923 2358 2069 2458 ipsa
2098 2361 2323 2436 vieto-

360 2479 484 2568 ria,
534 2478 977 2556 laudabilior.
1077 2480 1255 2554 Inde
1303 2478 1550 2556 consul
1603 2481 1720 2552 M.
1770 2481 2145 2569 Catonem,
2197 2507 2322 2580 per

362 2627 617 2700 quem,
657 2625 842 2699 quae
876 2600 1065 2699 gesta
1096 2599 1337 2689 effent,
1388 2597 1661 2673 senatus
1682 2596 2128 2698 populusque
2164 2602 2318 2676 Ro·

368 2745 617 2796 manus
648 2722 841 2794 haud
892 2719 1121 2796 dubio
1152 2723 1433 2794 auctore
1480 2717 1705 2806 sciret,
1757 2721 2072 2793 Romam
2117 2718 2320 2794 mifit.

364 2839 431 2915 Is
461 2866 506 2915 a
536 2839 797 2916 Creusa
834 2838 1404 2938 (Thespienfium
1427 2838 1830 2938 emporium
1859 2840 1984 2926 est,
2035 2839 2112 2912 in
2145 2838 2312 2915 inti-

366 2987 489 3036 mo
540 2965 692 3036 finu
752 2957 1213 3034 Corinthiaco
1261 2959 1671 3054 retractum)
1726 2962 1958 3033 Patras
2019 2959 2324 3057 Achajae

364 3081 607 3182 petitz·
632 3107 675 3155 a
704 3077 917 3178 patris
949 3080 1331 3176 Corcyram
1352 3077 1578 3178 usque
1613 3077 1936 3154 Aetoliae
1969 3099 2182 3178 atque
2216 3085 2322 3156 A·
2463 3111 2474 3122 “

366 3199 733 3278 carnaniae
790 3199 995 3274 litora
1026 3198 1225 3298 legit,
1276 3219 1491 3297 atque
1544 3197 1644 3272 ita
1693 3199 1786 3273 ad
1845 3200 2324 3296 Hydruntum

368 3321 605 3398 Italiae
654 3319 945 3418 trajecit.
1044 3317 1326 3419 Qinto
1364 3317 1483 3393 die
1527 3317 1698 3392 inde
1732 3317 2033 3415 pedestri
2067 3318 2320 3393 itinere

364 3445 681 3518 Romam
715 3438 989 3540 ingenti
1020 3437 1223 3514 cursu
1275 3437 1615 3536 pervenit.
1716 3441 1910 3512 Ante
1943 3438 2181 3512 lucem
2216 3438 2322 3512 in-

367 3565 627 3662 greffus
660 3563 942 3647 urbem,
992 3585 1033 3634 a
1077 3579 1277 3657 porta
1310 3560 1401 3634 ad
1434 3577 1829 3656 praetorem
1861 3560 1980 3632 Μ.
2017 3557 2324 3652 Junium

368 3681 495 3756 iter
524 3679 858 3754 intendit.
910 3681 977 3753 Is
1008 3677 1239 3776 prima
1264 3679 1425 3753 luce
1458 3677 1775 3752 senatum
1800 3677 2104 3753 vocavit.
2153 3681 2327 3778 Qo

368 3805 457 3878 L.
509 3799 885 3875 Cornelius
936 3797 1204 3896 Scipio,
1266 3796 1543 3897 aliquot
1589 3796 1848 3872 diebus
1889 3817 2050 3870 ante
2083 3823 2124 3870 a
2156 3823 2325 3872 con-

366 3920 507 3996 sule
543 3918 899 4006 dimifl‘us,
934 3941 1162 4018 quum
1188 3915 1574 3993 adveniens
1606 3915 1926 4004 audiiset,
1979 3916 2326 4018 praegres-

366 4039 518 4116 sum
553 4041 903 4114 Catonem
934 4037 1009 4112 in
1040 4036 1275 4112 senatu
1314 4038 1476 4131 effe,
1528 4035 1930 4134 supervenit
1962 4063 2318 4135 exponen-

370 4159 447 4249 ti,
520 4185 705 4260 quae
738 4159 927 4259 gesta
946 4160 1179 4235 effent.
1282 4159 1457 4234 Duo
1484 4155 1654 4233 inde
1679 4155 1892 4256 legati
1911 4157 2102 4252 juffu
2136 4157 2324 4232 sena·
