3100 5359
853 724 928 795 L
981 746 1010 795 1
1069 746 1110 795 B
1169 746 1212 795 n
1269 746 1316 795 R
1419 720 1775 797 XXXVI.
2213 745 2295 821 13

325 907 382 942 “
419 896 663 993 poffe?
767 895 964 982 Una,
1015 894 1422 971 communis
1457 893 1751 982 utilitas,
1802 919 1983 993 quae
2016 892 2299 969 societa-

327 1028 383 1061 “
419 1016 510 1091 tis
543 1014 942 1090 maximum
971 1014 1344 1091 vinculum
1373 1016 1514 1091 est:
1568 1018 1803 1102 altera,
1834 1018 2150 1089 auctores
2176 1036 2304 1089 vos

325 1150 380 1182 “
419 1136 686 1213 Aetoli.
793 1136 1037 1211 Vester
1087 1135 1282 1211 enim
1337 1138 1607 1237 legatus
1654 1136 1773 1211 hic
1823 1138 2065 1210 Thoas
2120 1136 2304 1211 inter

325 1270 382 1303 ‘⁶
419 1281 672 1347 cetera,
726 1282 910 1356 quae
943 1260 1036 1331 ad
1069 1256 1504 1331 exciendum
1551 1256 1627 1330 in
1682 1256 2057 1331 Graeciam
2093 1256 2305 1331 Anti-

331 1390 386 1423 “
425 1380 692 1453 ochum
737 1378 972 1453 dicere
1007 1378 1106 1453 est
1141 1377 1410 1465 solituS,
1460 1402 1623 1451 ante
1669 1376 1913 1451 omnia
1944 1379 2082 1451 hoc
2128 1376 2305 1451 sem-

331 1509 382 1541 “
425 1524 550 1595 per
605 1499 1051 1585 adfirmavit3
1106 1498 1398 1573 fremere
1458 1498 1907 1597 Philippum,
1972 1500 2041 1571 &
2101 1520 2307 1595 aegre

331 1630 384 1664 “
423 1618 594 1718 pati,
648 1618 778 1695 sub
811 1618 1036 1718 specie
1073 1619 1264 1717 pacis
1301 1620 1487 1718 leges
1521 1618 1869 1693 servitutis
1899 1616 2022 1691 fibi
2054 1616 2305 1715 inpofi-

334 1752 384 1787 “
421 1764 548 1815 tas·
649 1742 775 1814 Ille
804 1738 1104 1837 q'uidem
1139 1738 1323 1814 ferae
1359 1738 1617 1814 bestiae
1652 1737 1925 1813 vinctae
1958 1758 2083 1811 aut
2114 1739 2308 1813 clau-

335 1874 387 1905 “
428 1860 561 1949 sae,
615 1864 684 1935 ὅτ
739 1858 1116 1959 refringere
1165 1859 1462 1933 claustra
1503 1858 1849 1957 cupienti,
1904 1858 2082 1957 regis
2132 1858 2309 1934 iram

334 1994 386 2027 “
422 1980 657 2056 verbis
685 1979 1058 2077 aequabat:
1157 1980 1383 2076 Cujus
1424 1982 1468 2052 s1
1505 1978 1661 2053 talis
1692 1979 1975 2055 animus
2000 1979 2127 2069 est,
2180 1978 2309 2054 sol-

333 2114 386 2149 “
427 2124 676 2176 vamus
703 2124 832 2173 nos
859 2101 1006 2194 ejus
1035 2098 1350 2187 vincula,
1385 2099 1460 2171 &
1488 2098 1781 2175 claustra
1816 2100 2309 2199 refringamuS,

335 2233 388 2267 “
429 2242 510 2296 ut
545 2244 914 2318 erumpere
943 2218 1072 2293 diu
1109 2219 1490 2294 coercitam
1533 2220 1707 2293 iram
1743 2219 1817 2293 in
1852 2220 2081 2295 hostes
2112 2246 2311 2295 com-

335 2353 388 2386 “
430 2368 684 2417 munes
716 2342 938 2439 poffit.
1036 2342 1262 2441 v(Qlod
1293 2342 1338 2414 fi
1372 2340 1555 2414 nihil
1588 2364 1759 2414 eum
1793 2340 2053 2439 legatio
2086 2338 2317 2415 nostra

335 2473 391 2509 “
432 2461 760 2549 moverit,
811 2482 883 2533 at
918 2486 1072 2547 ηοε,
1124 2459 1468 2558 quoniam
1496 2460 1705 2535 nobis
1730 2486 1901 2536 eum
1929 2462 2315 2560 adjungere

337 2594 392 2627 ‘⁶
435 2608 580 2655 non
627 2582 1016 2681 poffumus,
1069 2607 1158 2654 ne
1205 2580 1526 2655 hostibus
1574 2578 1822 2655 nostris
1870 2581 1987 2657 ille
2018 2582 2317 2684 adjungi

339 2715 395 2747 “
426 2704 654 2801 poffit,
705 2726 1099 2775 caveamus.
1199 2703 1536 2775 Seleucus
1570 2699 1757 2776 filius
1806 2722 1971 2801 tuus
2000 2706 2318 2801 Lyfima·

341 2833 398 2867 “
435 2822 636 2899 chiae
665 2820 805 2896 est:
859 2821 988 2919 qui
1037 2826 1084 2895 fi
1136 2848 1226 2894 eo
1267 2821 1611 2909 exercitu,
1664 2848 1888 2920 quem
1922 2821 2161 2897 secum
2194 2825 2317 2897 ha-

341 2954 398 2987 “
435 2946 582 3031 bet,
608 2967 730 3040 per
775 2939 1154 3017 Thraciam
1189 2942 1520 3039 proxima
1554 2942 2031 3017 Macedoniae
2064 2970 2318 3043 coepe-

344 3073 400 3107 “
431 3063 526 3137 rit
557 3060 972 3160 depopulari
997 3094 1022 3149 3
1053 3060 1256 3135 facile
1289 3065 1382 3137 ab
1413 3062 1690 3136 auxilio
1719 3061 2012 3139 ferendo
2046 3064 2319 3141 Roma·

345 3194 400 3228 ‘⁶
431 3180 544 3256 nis
571 3180 991 3280 Philippum
1019 3184 1112 3255 ad
1141 3181 1261 3255 sua
1279 3182 1717 3281 potisfimum
1739 3186 2007 3259 tuenda
2034 3204 2321 3261 avertet.

343 3315 400 3347 “
439 3306 554 3379 De
595 3302 934 3402 Philippo
981 3330 1215 3377 meam
1251 3302 1667 3377 sententiam
1714 3304 1951 3377 habes.
2054 3308 2171 3381 De
2216 3328 2320 3380 ra-

345 3436 402 3469 “
437 3422 632 3499 tione
667 3423 962 3499 univerfi
993 3422 1156 3499 belli
1193 3422 1376 3522 quid
1411 3422 1765 3511 sentirem,
1803 3424 1956 3520 jam
1988 3428 2081 3501 ab
2112 3424 2321 3503 initio

345 3556 402 3591 “
437 3572 586 3619 non
605 3544 962 3646 ignorasti.
1061 3546 1290 3643 Qod
1318 3546 1360 3615 fi
1395 3564 1552 3617 tum
1573 3543 1861 3617 auditus
1888 3542 2141 3633 forem,
2176 3566 2325 3620 non

345 3676 399 3711 “
438 3666 514 3741 in
549 3668 849 3741 Euboea
873 3664 1298 3739 Chalcidem
1322 3684 1631 3762 captam,
1664 3664 1739 3737 &
1774 3666 2139 3740 castellum
2172 3668 2323 3740 Eu-

351 3797 404 3830 “
439 3784 576 3884 ripi
611 3806 1110 3885 expugnatum
1145 3783 1490 3873 Romani,
1543 3783 1662 3858 sed
1702 3785 2059 3861 Etruriam
2094 3784 2327 3884 Ligu-

351 3917 407 3951 “
443 3930 752 4004 rumque
785 3908 862 3979 δι
898 3904 1174 3980 Galliae
1201 3901 1595 4001 Cisalpinae
1625 3930 1821 3979 oram
1844 3906 2034 3979 bello
2058 3904 2324 3994 ardere,

353 4038 404 4070 “
441 4030 542 4113 ὅτ,
593 4025 720 4125 qui
759 4025 1115 4100 maximus
1169 4023 1255 4098 iis
1290 4045 1503 4099 terror
1535 4024 1661 4112 est,
1716 4026 2207 4101 Hannibalem
2248 4025 2325 4105 in

355 4159 405 4193 “
443 4146 648 4223 Italia
671 4148 804 4224 effe
839 4144 1190 4236 audirent.
1291 4146 1515 4219 Nunc
1543 4170 1839 4245 quoque
1862 4148 2144 4221 arcefl'as
2164 4172 2326 4223 cen-2
