3100 5359
638 731 779 822 246
1285 729 1917 802 T.L1v11

641 912 694 946 “
729 900 1080 1002 principes
1106 901 1438 977 habeatIS.
1539 905 1674 992 Ita,
1695 905 1741 977 fi
1762 905 1854 978 ab
1872 898 2073 976 annis
2106 895 2613 998 septemdecim

647 1033 697 1066 ‘⁶
734 1026 823 1097 ad
861 1021 1290 1098 senectutem
1327 1022 1597 1122 semper
1628 1049 1755 1098 vos
1784 1041 2085 1098 aetatem
2119 1043 2351 1098 meam
2384 1022 2614 1094 hono-

645 1154 697 1188 “
733 1143 928 1216 ribus
965 1143 1205 1217 vestris
1235 1142 1570 1232 anteistiS,
1610 1170 1747 1244 ego
1779 1143 2039 1219 vestros
2068 1143 2371 1216 honores
2399 1143 2615 1214 rebus

647 1273 696 1306 “
734 1263 1060 1360 gerendis
1087 1265 1480 1361 praeceffi.’'
1580 1267 1707 1338 Ab
1739 1261 2015 1337 Rostris
2054 1261 2129 1335 in
2175 1257 2619 1357 Capitolium

643 1382 980 1458 ascendit.
1080 1381 1309 1456 Simul
1337 1382 1404 1456 se
1445 1381 1767 1458 universa
1796 1381 2051 1458 concio
2072 1380 2348 1468 avertit,
2410 1381 2483 1454 δε
2510 1376 2613 1453 se-

645 1524 814 1578 cuta
845 1501 1252 1601 Scipionem
1275 1503 1415 1578 est:
1453 1505 1659 1591 ade0,
1690 1524 1775 1578 ut
1800 1502 2157 1601 postremo
2178 1497 2443 1576 scribae
2467 1496 2617 1572 via-

646 1621 969 1721 toresque
1004 1623 1328 1699 tribunos
1362 1624 1867 1723 relinquerent,
1902 1649 2037 1698 nec
2066 1646 2240 1696 cum
2272 1618 2385 1708 iis,
2418 1643 2616 1718 prae·

645 1765 750 1820 ter
768 1741 1082 1818 servilem
1111 1744 1530 1819 comitatum
1560 1749 1627 1818 &
1664 1769 2115 1842 praeconem,
2140 1739 2271 1838 qui
2293 1763 2493 1816 reum
2522 1763 2619 1812 ex

647 1864 922 1940 Rostris
981 1863 1266 1952 citabat,
1321 1864 1704 1962 quisquam
1754 1865 1942 1939 esset.
2041 1861 2285 1960 Scipio
2334 1886 2481 1934 non
2538 1857 2621 1931 in

650 1982 1008 2082 Capitolio
1043 1987 1288 2072 mod0,
1338 1983 1453 2058 sed
1484 2011 1609 2082 per
1633 2004 1855 2059 totam
1890 1985 2143 2060 urbem
2170 1979 2411 2056 omnia
2440 2001 2620 2054 tem-

647 2106 768 2202 pla
795 2107 1038 2180 Deum
1067 2131 1238 2180 cum
1273 2106 1542 2203 populo
1566 2106 1903 2179 Romano
1925 2100 2307 2179 circumiit.
2409 2099 2619 2176 Cele-

651 2223 912 2300 bratior
945 2223 1003 2298 is
1037 2250 1254 2323 prope
1289 2223 1438 2298 dies
1473 2223 1708 2299 favore
1727 2223 2110 2299 hominum
2142 2228 2209 2298 &
2242 2219 2619 2297 aestimati-

649 2371 787 2420 one
814 2371 1016 2420 verae
1038 2342 1555 2442 magnitudinis
1582 2345 1731 2440 ejus
1760 2343 1927 2432 suit,
1953 2369 2173 2444 quam
2194 2368 2345 2441 quo
2372 2341 2625 2416 trium-

647 2467 872 2564 phans
905 2465 996 2538 de
1027 2467 1348 2562 Syphace
1373 2489 1536 2564 rege
1558 2467 1629 2538 &
1651 2462 2348 2564 Karthaginiensibus
2367 2465 2627 2538 urbem

653 2583 754 2658 est
781 2581 1126 2657 invectu&

751 2703 918 2776 LII.
1023 2701 1174 2776 Hic
1202 2700 1547 2799 speciosus
1570 2702 1865 2778 ultimus
1884 2702 2039 2778 dies
2060 2707 2142 2778 P.
2162 2701 2483 2801 Scipioni
2516 2701 2629 2776 in-

651 2820 861 2896 luxit.
965 2821 1131 2895 Post
1184 2847 1404 2920 quem
1453 2848 1687 2919 quum
1738 2823 2084 2898 invidiam
2140 2829 2209 2912 ἃ.
2244 2822 2629 2898 certamina

596 2963 604 2968 “
655 2969 830 3020 cum
858 2940 1159 3016 tribunis
1190 2940 1641 3039 prospiceret,
1666 2942 1784 3018 die
1816 2943 2132 3042 longiore
2153 2941 2501 3041 prodicta,
2552 2941 2631 3015 in

659 3061 1118 3140 Literninum
1141 3065 1508 3148 conceffit3
1537 3085 1730 3137 certo
1752 3063 2085 3153 concilio,
2102 3090 2189 3138 ne
2210 3063 2301 3137 ad
2326 3063 2631 3138 cauffitm

659 3182 1042 3259 dicendam
1097 3181 1375 3254 adesset.
1476 3182 1717 3277 Major
1760 3182 2041 3258 animus
2073 3187 2140 3258 ὅτ
2176 3203 2425 3256 natura
2454 3191 2627 3269 erttt,

658 3329 740 3378 ac
775 3301 1019 3398 majori
1055 3299 1376 3374 fortunae
1402 3297 1759 3391 adsuetus,
1788 3329 2008 3402 quam
2032 3323 2117 3382 ut
2148 3328 2306 3378 reus
2332 3303 2467 3376 effe
2499 3299 2627 3374 sci-

661 3444 792 3511 ret,
816 3427 882 3498 δι
918 3420 1328 3496 submittere
1358 3419 1517 3495 sein
1546 3423 2025 3498 humilitatem
2051 3425 2355 3498 cauffim
2388 3422 2629 3496 dicen·-

661 3543 870 3618 tium.
971 3540 1132 3617 Ubi
1165 3539 1318 3616 dies
1348 3540 1574 3628 venit,
1626 3540 1969 3641 citarique
2004 3542 2248 3624 absens
2280 3541 2383 3616 est
2414 3567 2629 3639 coep-

663 3685 804 3752 tus,
857 3665 950 3737 L.
1004 3660 1246 3761 Scipio
1297 3663 1634 3736 morbum
1670 3664 1937 3736 cauffae
1968 3663 2129 3750 effe,
2178 3687 2311 3736 cur
2340 3663 2627 3748 abesset,

665 3783 1062 3860 excusabat.
1160 3785 1403 3882 Qam
1465 3779 1988 3858 excusationem
2048 3806 2283 3879 quum
2336 3779 2631 3868 tribuni,

665 3905 822 4004 qui.
844 3903 1041 3978 diem
1086 3901 1435 3989 dixerant,
1489 3927 1637 3976 non
1680 3900 2109 4000 acciperent,
2162 3905 2229 3977 ὅτ
2264 3903 2357 3977 ab
2384 3901 2629 3976 eadem

604 4038 616 4047 '
663 4023 990 4124 superbia
1032 4049 1180 4096 non
1225 4020 1466 4096 venire
1497 4023 1591 4096 ad
1626 4025 1931 4098 caussam
1966 4024 2346 4098 dicendam
2382 4045 2628 4121 argue-

665 4165 846 4235 rent,
875 4141 1390 4244 quajudicium
1417 4146 1484 4218 &
1507 4141 1829 4218 tribunos
1858 4143 2085 4243 plebis
2114 4147 2179 4220 &
2204 4141 2631 4220 concionem
