3100 5359
919 735 1000 808 'L
1053 760 1082 808 1
1143 760 1184 809 Β
1242 759 1286 809 Ε
1341 759 1390 810 R
1495 737 1887 812 XXXVII.
2268 765 2358 838 79

379 935 640 986 novare
673 937 843 986 eum
871 910 1280 1011 quidquam
1305 913 1510 988 velle.
1614 916 1709 988 Et
1728 934 1885 990 tum
1911 911 2211 1012 quidem
2246 941 2366 990 co-

380 1032 592 1108 miter
649 1053 984 1131 acceptus
1028 1031 1300 1132 hospes.
1400 1033 1690 1109 Postero
1744 1034 1863 1110 die
1922 1056 2365 1112 commeatus

377 1151 720 1228 exercitui
779 1173 1054 1252 paratos
1101 1153 1440 1254 benigne,
1501 1177 1752 1255 pontes
1806 1155 1882 1229 in
1940 1155 2366 1232 fluminibus

375 1271 625 1362 factos,
659 1274 834 1364 vias,
883 1274 1016 1349 ubi
1046 1279 1364 1350 tranfitus
1412 1275 1735 1351 difficiles
1782 1298 2000 1364 erant,
2054 1276 2366 1354 munitas

376 1395 585 1470 vidit.
684 1397 897 1470 Haec
928 1394 1232 1470 referens
1252 1397 1531 1485 eadem,
1586 1422 1733 1495 qua
1758 1395 1952 1484 ierat,
2006 1397 2360 1473 celeritate

375 1517 818 1594 Thaumacis
841 1517 1164 1594 obcurrit
1191 1517 1489 1593 consuli.
1569 1518 1749 1592 Inde
1784 1515 2078 1593 certiore
2106 1522 2171 1594 δε
2210 1545 2360 1594 ma-

359 1639 518 1734 jore
563 1637 678 1738 spe
731 1641 958 1714 laetus
1009 1637 1364 1714 exercitus
1409 1639 1498 1712 ad
1535 1658 1945 1737 praeparata
1996 1637 2241 1714 omnia
2284 1637 2360 1714 in

377 1760 895 1835 Macedoniam
929 1758 1273 1860 pervenit.
1372 1757 1759 1834 Venientes
1794 1759 1992 1859 regio
2024 1763 2361 1860 adparatu

373 1883 441 1954 &
470 1879 773 1980 accepit,
827 1885 895 1955 ὅτ
944 1880 1352 1980 prosecutus
1401 1881 1504 1954 est
1541 1906 1687 1955 rest.
1788 1882 2035 1956 Multa
2063 1878 2137 1954 in
2174 1906 2260 1955 eo
2288 1885 2363 1958 δι’

369 2001 778 2089 dexteritas,
813 2001 1308 2077 &humanitas
1333 2000 1504 2090 visa,
1539 2026 1723 2100 quae
1756 1999 2360 2076 commendabilia

368 2124 566 2221 apud
601 2121 1028 2199 Africanum
1055 2144 1287 2211 erant3
1322 2121 1563 2198 virum
1596 2123 1775 2196 ficut
1797 2121 1889 2196 ad
1910 2143 2139 2196 cetera
2156 2147 2355 2219 egre-

365 2242 604 2343 gium,
653 2243 754 2320 ita
781 2271 824 2319 a
855 2243 1217 2332 comitate,
1268 2269 1455 2342 quae
1489 2245 1629 2318 fine
1654 2240 1937 2316 luxuria
1965 2242 2156 2328 effet,
2208 2267 2355 2316 non

365 2363 712 2440 aversum.
813 2365 994 2440 Inde
1022 2391 1168 2439 non
1207 2391 1332 2464 per
1383 2361 1901 2439 Macedoniam
1934 2361 2183 2448 mode,
2236 2358 2357 2438 sed

364 2483 584 2560 etiam
637 2483 1050 2574 Thraciam,
1101 2484 1571 2584 prosequente
1604 2487 1673 2558 &
1708 2501 2159 2582 praeparante
2195 2507 2353 2558 0111-

363 2604 488 2680 nia
521 2604 888 2706 Philippo,
939 2609 1032 2682 ad
1066 2604 1626 2705 Hellespontum
1653 2625 2077 2704 perventum
2108 2601 2231 2678 est.

467 2728 668 2802 VIII.
771 2726 1180 2803 Antiochus
1251 2727 1408 2827 post
1463 2727 1787 2800 navalem
1832 2726 1924 2799 ad
1984 2727 2349 2823 Corycum

357 2873 712 2946 pugnam,
763 2873 1000 2946 quum
1021 2867 1248 2923 totam
1275 2847 1591 2922 hiemem
1625 2845 1921 2922 liberam
1950 2844 2024 2919 in
2060 2847 2345 2946 adpara-

359 2989 480 3042 tus
501 2969 844 3044 terrestres
868 2967 1402 3068 maritimosque
1421 2967 1798 3055 habuiffet,
1832 2969 2015 3042 classi
2036 2967 2349 3042 maxime

359 3091 819 3188 reparandae,
882 3117 974 3165 ne
1027 3109 1174 3164 tota
1223 3088 1432 3164 maris
1485 3087 1892 3187 poffeffione
1944 3089 2351 3184 pelleretur,

361 3208 682 3286 intentus
725 3209 978 3286 fuerat.
1088 3213 1595 3298 Subcurrebat,
1680 3218 1733 3252 “
1768 3209 2194 3308 Superatum
2252 3209 2347 3298 se,

361 3341 416 3376 ‘⁸
453 3357 688 3431 quum
722 3333 938 3406 claffis
970 3329 1296 3408 abfuifl'et
1342 3330 1829 3406 Rhodiorum.
1927 3331 2152 3431 Qod
2188 3333 2235 3404 fi
2268 3356 2351 3404 ea

361 3461 418 3496 “
455 3477 752 3551 quoque
791 3457 954 3549 (nec
989 3451 1484 3528 commissuros
1535 3449 1901 3538 Rhodios,
1950 3471 2033 3524 ut
2084 3449 2348 3526 iterum

360 3583 414 3616 “
453 3575 922 3668 morarentur)
960 3571 1330 3648 certamini
1361 3574 1645 3660 adesset,
1698 3596 1965 3671 magno
1998 3569 2121 3646 fibi
2152 3569 2345 3646 navi-

358 3705 414 3740 ‘·
451 3721 582 3770 um
609 3719 912 3770 numero
945 3719 1130 3793 opus
1163 3693 1340 3780 fore,
1391 3712 1475 3766 ut
1493 3691 1765 3767 viribus
1798 3697 1869 3766 ὅτ
1904 3690 2345 3792 magnitudi-

359 3825 412 3880 ⁸⁶
453 3841 544 3890 ne
575 3817 856 3891 claffem
892 3813 1204 3889 hostium
1231 3814 1633 3912 aequaret.”
1733 3814 1983 3912 Itaque
2018 3815 2087 3886 δε
2137 3813 2345 3886 Han-

354 3937 672 4012 nibalern
699 3935 774 4009 in
809 3934 1080 4034 Syriam
1115 3934 1392 4010 miserat
1411 3935 1501 4008 ad
1536 3931 1985 4008 Phoenicum
2010 3935 2344 4008 arcefl‘en-

352 4059 482 4133 das
525 4083 764 4145 naves,
817 4061 886 4131 &
933 4054 1481 4156 Polyxenidam,
1533 4078 1689 4152 quo
1734 4051 1977 4128 minus
2022 4052 2343 4154 prospere

350 4179 548 4282 gesta
578 4205 688 4255 res
719 4198 890 4268 erat,
943 4203 1032 4253 eo
1057 4176 1312 4252 enisxus
1340 4178 1410 4250 ὅτ
1437 4199 1577 4264 eas,
1610 4197 1793 4272 quae
1821 4193 2045 4264 erant,
2099 4173 2341 4248 refice·
