3100 5359
894 710 970 781 L
1021 736 1048 783 1
1110 738 1148 784 Β
1210 738 1252 785 Ε
1311 736 1356 786 R
1461 714 1852 787 XXXVII.
2276 738 2362 812 73

383 908 468 961 ut
533 888 755 974 fieret,
843 886 1246 962 ediderunt.
1350 892 1625 963 Decem
1696 884 2020 987 ingenui,
2112 887 2365 961 decem

385 1007 721 1107 virgineS,
768 1007 1054 1104 patrimi
1082 1036 1329 1084 omnes
1367 1007 1849 1107 matrimique,
1884 1010 1973 1081 ad
2000 1006 2073 1080 id
2111 1005 2361 1080 sacrifi-

386 1128 588 1202 cium
649 1127 1000 1203 adhibiti:
1083 1134 1148 1205 δι
1213 1129 1600 1205 decemviri
1681 1133 1889 1204 nocte
1943 1128 2367 1203 lactentibus

385 1274 540 1323 rem
573 1248 892 1323 divinam
928 1248 1267 1325 fecerunt.
1371 1252 1450 1324 P.
1487 1249 1863 1325 Cornelius
1897 1249 2137 1347 Scipio
2174 1248 2366 1324 Afri-

386 1394 635 1458 canus,
695 1369 1104 1470 priusquam
1129 1368 1707 1469 proficisceretur,
1744 1370 2089 1445 fornicem
2122 1369 2195 1443 in
2228 1372 2362 1444 Ca-

387 1490 644 1589 pitolio
681 1490 1006 1565 adversus
1039 1490 1258 1581 viam,
1327 1518 1471 1589 qua
1505 1490 1581 1563 in
1608 1491 2047 1589 Capitolium
2084 1489 2367 1565 adscen-

385 1611 607 1699 ditur,
637 1636 806 1686 cum
841 1610 1054 1709 fignis
1089 1610 1353 1709 septem
1387 1611 1672 1700 auratis,
1702 1616 1769 1685 δι
1806 1613 2091 1685 duobus
2126 1610 2359 1709 equiS,

387 1732 466 1804 &
501 1757 894 1806 marmorea
920 1733 1068 1805 duo
1101 1734 1291 1806 labra
1319 1755 1478 1806 ante
1501 1731 1843 1807 fornicem
1878 1728 2131 1829 posuit.
2234 1734 2369 1805 Per

390 1851 674 1927 eosdem
712 1852 870 1953 dies*
899 1851 1257 1951 principes
1306 1854 1731 1927 Aetolorum
1770 1874 1903 1926 tres
1940 1852 2013 1925 Sc
2069 1854 2367 1950 quadra-

391 1971 616 2071 ginta,
671 1971 854 2045 inter
887 1999 1070 2070 quos
1105 1973 1565 2047 Damocritus
1604 1978 1671 2047 &
1708 1972 1916 2047 frater
1968 1976 2115 2071 ejus
2149 1996 2367 2063 erant,

387 2096 483 2167 ab
549 2095 830 2167 duabus
877 2091 1314 2181 cohortibuS,
1367 2092 1579 2167 rniffis
1639 2120 1677 2167 a
1720 2098 1858 2167 Μ’.
1894 2095 2163 2181 Acilio,
2216 2098 2369 2169 Ro·

391 2238 585 2286 mam
607 2212 929 2301 dednffi,
959 2214 1033 2284 &
1072 2213 1146 2287 in
1176 2212 1597 2288 Lautumias
1625 2214 1924 2310 conjecti
1962 2214 2146 2289 sunt.
2228 2218 2369 2290 Co-

393 2334 630 2407 hortes
698 2332 867 2407 inde
927 2337 1020 2408 ad
1080 2334 1474 2409 exercitum
1531 2335 1783 2423 redire,
1846 2338 1935 2408 L.
1993 2336 2371 2410 Cornelius

395 2452 641 2529 consul
664 2454 880 2551 juflit.
980 2454 1239 2554 Legati
1270 2460 1362 2530 ab
1399 2457 1809 2529 Ptolemaeo
1844 2459 1913 2529 ὅτ
1977 2457 2373 2554 Cleopatra,

399 2574 688 2674 regibus
743 2574 1087 2673 Aegypti,
1156 2578 1581 2675 gratulantes
1648 2578 1851 2673 quod
1918 2578 2057 2650 Μ’.
2098 2576 2376 2653 Acilius

398 2694 644 2770 consul
667 2694 1120 2769 Antiochum
1147 2721 1388 2793 regem
1416 2694 1712 2771 Graecia
1735 2696 2129 2795 expulisset,
2164 2724 2374 2772 vene-

397 2837 603 2891 runt:
660 2816 1272 2916 adhortantesque,
1331 2838 1414 2892 ut
1448 2817 1522 2890 in
1552 2822 1789 2891 Asiam
1823 2817 2215 2893 exercitum
2244 2840 2376 2893 tra-

385 2937 716 3035 jicerent,
755 2948 805 2979 “
843 2937 1086 3013 omnia
1116 2937 1430 3038 perculsa
1449 2960 1645 3013 metu
1678 2966 1822 3011 non
1848 2939 1919 3013 in
1944 2942 2106 3012 Asia
2127 2942 2373 3028 mod0,

399 3068 452 3101 “
488 3056 610 3132 sed
641 3056 854 3132 etiam
892 3058 967 3131 in
1001 3057 1222 3157 Syria,
1291 3061 1462 3145 effe,
1536 3084 1733 3157 reges
1774 3058 2091 3158 Aegypti
2126 3060 2217 3133 ad
2266 3086 2372 3149 ea,

399 3189 453 3223 “
490 3204 676 3278 quae
712 3179 1080 3253 censuiffet
1106 3176 1406 3266 senatus,
1461 3201 1736 3276 paratos
1779 3178 1995 3254 fore.''
2096 3180 2377 3254 Gratiae

399 3300 690 3399 regibus
729 3301 957 3373 astae:
1002 3299 1247 3398 legatis
1281 3325 1576 3373 munera
1609 3298 1757 3373 dari
1781 3300 1988 3395 juffa,
2044 3298 2120 3374 in
2146 3304 2376 3400 fingu-

402 3422 510 3494 los
543 3420 966 3519 quaternum
995 3418 1307 3493 millium
1341 3419 1537 3494 aeris.

500 3541 629 3615 IV.
730 3542 825 3614 L.
858 3539 1232 3614 Cornelius
1267 3538 1540 3627 consul,
1609 3539 1932 3639 peractis,
1996 3568 2181 3639 quae
2224 3548 2376 3621 Ro-

400 3684 561 3735 mae
595 3661 872 3759 agenda
901 3681 1123 3747 erant,
1153 3685 1282 3757 pro
1316 3659 1663 3735 concione
1692 3660 1946 3750 edixit,
1976 3687 2059 3736 ut
2088 3664 2376 3755 milites,

401 3806 588 3879 quos
633 3778 778 3878 ipse
821 3779 896 3854 in
941 3778 1523 3878 ,supplementum
1561 3779 1944 3878 scripsisset,
1993 3784 2267 3884 quique
2302 3786 2378 3861 in

402 3898 700 3975 Bruttiis
729 3926 901 3975 cum
934 3906 1029 3975 A.
1051 3899 1390 3974 Cornelio
1421 3924 1864 3999 propraetore
1900 3906 2139 3995 effent,
2196 3930 2278 3982 ut
2302 3908 2379 3982 hi

405 4048 660 4097 omnes
712 4020 963 4096 Idibus
1003 4018 1498 4121 Qinffilibus
1554 4021 2010 4099 Brundisium
2046 4028 2380 4102 conveni-

407 4164 588 4218 rent.
655 4144 838 4218 Item
870 4162 1007 4243 tres
1033 4141 1297 4241 legatos
1326 4140 1747 4231 nominavit,
1782 4146 1941 4221 Sex.
1990 4147 2379 4248 Digitium,
