3100 5359
961 663 1035 737 L
1089 686 1117 736 1
1177 686 1220 736 B
1277 686 1322 735 E
1379 686 1426 735 R
1527 660 1923 737 XXXVII.
2324 682 2407 761 71
2512 703 2524 717 ·

421 838 642 937 (duae
689 855 932 912 autem
981 837 1298 937 legiones
1334 839 1561 933 erant)
1614 858 2033 937 accepturus
2067 839 2257 926 esset,
2324 839 2403 913 in

417 957 999 1058 supplementum
1035 958 1284 1033 addita
1333 958 1667 1057 peditum
1722 957 1995 1034 civium
2030 962 2402 1033 Romano-

413 1106 581 1155 rum
615 1078 752 1155 tria
780 1079 1036 1169 millia,
1071 1079 1350 1179 equites
1377 1101 1702 1169 centum,
1736 1079 1811 1151 &
1848 1078 2120 1155 socium
2154 1077 2404 1155 Latini

417 1198 732 1275 nominis
767 1197 1096 1301 quinque
1127 1199 1377 1290 millia,
1414 1199 1689 1300 equites
1712 1198 2042 1277 ducenti:
2074 1200 2402 1299 &adjec-

415 1342 606 1410 tum,
667 1343 778 1410 ut,
843 1346 1082 1421 quum
1114 1322 1192 1395 in
1225 1321 1675 1421 provinciam
1724 1320 2045 1409 venisset,
2096 1325 2145 1395 fi
2200 1350 2239 1397 e
2294 1348 2400 1397 re-

412 1440 707 1542 publica
747 1441 1112 1517 videretur
1155 1440 1318 1531 effe,
1371 1442 1765 1517 exercitum
1800 1441 1881 1516 in
1916 1446 2156 1517 Asiam
2211 1441 2397 1540 traji-

411 1583 626 1639 ceret.
727 1562 960 1637 Alteri
989 1561 1264 1638 consuli
1299 1584 1490 1637 totus
1523 1587 1753 1637 novus
1784 1562 2129 1639 exercitus
2158 1565 2397 1639 decre-

413 1704 532 1757 tus
547 1716 572 1773 3
607 1684 794 1759 duae
819 1682 1138 1783 legiones
1159 1686 1562 1771 Romanae,
1598 1687 1667 1757 ὅτ
1696 1680 1971 1759 socium
1994 1681 2238 1759 Latini
2272 1710 2403 1759 no-

411 1802 630 1879 minis
653 1802 1078 1902 quindecim
1111 1802 1340 1879 millia
1363 1802 1723 1901 peditum,
1751 1804 2027 1903 equites
2061 1803 2395 1882 sexcenti.

415 1924 836 1999 Exercitum
871 1950 962 1999 ex
995 1923 1389 2024 Liguribus
1423 1928 1534 2025 Q
1556 1923 1939 2000 Minucius
1984 1926 2155 2023 (jam
2201 1924 2397 2001 enim

409 2042 812 2120 confestam
845 2045 1290 2143 provinciam
1324 2043 1703 2142 scripserat,
1742 2049 1811 2119 &
1837 2044 2203 2145 Ligurum
2233 2072 2395 2121 votri--

411 2190 504 2239 ne
525 2190 794 2241 nomen
821 2164 898 2239 in
925 2164 1370 2241 deditionem
1404 2164 1698 2259 veniffe)
1754 2166 2117 2239 traducere
2146 2166 2225 2241 in
2256 2170 2391 2243 Bo-

393 2286 538 2383 jos,
571 2290 640 2361 δε
669 2289 752 2361 Ρ.
774 2286 1110 2361 Cornelio
1137 2285 1541 2384 proconsuli
1578 2286 1872 2372 tradere,
1912 2285 2163 2380 juffuS.
2270 2290 2387 2363 Ex

408 2433 608 2507 agr-0,
643 2432 795 2506 quo
825 2404 1052 2482 viffi'tos
1081 2408 1274 2482 bello
1315 2408 1739 2481 multaverat
1773 2405 2005 2503 Bojos,
2042 2408 2392 2483 deduGtae

408 2529 718 2603 urbanae
769 2526 1112 2627 legioneS,
1177 2552 1362 2626 quae
1427 2527 1661 2624 priore
1716 2552 1905 2603 anno
1960 2526 2389 2627 conscriptae

405 2671 630 2739 erant,
665 2651 784 2724 M.
808 2647 1090 2723 Tuccio
1123 2645 1423 2747 praetori
1452 2648 1681 2734 datae,
1730 2650 1797 2721 &
1822 2644 2094 2723 socium
2128 2672 2211 2723 ac
2244 2648 2388 2722 La-

407 2769 542 2845 tini
591 2767 906 2844 nominis
960 2767 1290 2867 peditum
1323 2766 1747 2865 quindecim
1794 2764 2044 2855 millia,
2112 2768 2389 2866 equites

405 2888 743 2977 sexcenti,
773 2890 866 2963 ad
899 2887 1244 2987 Apuliam
1271 2886 1719 2985 Bruttiosque
1752 2887 2204 2964 obtinendos
2288 2892 2385 2967 A.

409 3008 748 3086 Cornelio
801 3007 1174 3109 superioris
1239 3008 1406 3083 anni
1472 3007 1803 3107 praetori,
1873 3008 2003 3106 qui
2072 3008 2385 3083 Bruttios

409 3156 582 3207 cum
603 3128 922 3205 exercitu
957 3129 1386 3219 obtinuerat,
1422 3128 1877 3228 imperatum,
1914 3133 1959 3203 fi
1982 3129 2079 3203 ita
2110 3129 2383 3205 consuli

405 3246 792 3338 videretur,
848 3271 930 3325 ut
967 3249 1280 3349 legiones
1319 3249 1396 3324 in
1457 3248 1823 3325 Aetoliam
1870 3249 2182 3345 trajecitas
2240 3252 2383 3325 Μ’.

404 3370 650 3448 Acilio
677 3374 1004 3459 traderet,
1055 3370 1188 3445 fiis
1222 3396 1504 3445 manere
1525 3371 1630 3446 ibi
1657 3370 1889 3445 vellet.
1990 3368 2065 3443 Si
2100 3369 2385 3446 Acilius

397 3492 626 3568 redire
655 3494 973 3569 Romam
993 3492 1260 3579 mallet,
1293 3514 1378 3565 ut
1408 3497 1504 3566 A.
1527 3489 1904 3566 Cornelius
1932 3514 2109 3564 cum·
2134 3516 2223 3564 eo
2256 3516 2378 3565 ex-

400 3612 626 3689 ercitu
651 3611 728 3685 in
741 3612 1028 3687 Aetolia
1045 3632 1453 3687 remaneret.
1505 3613 1592 3686 C.
1608 3608 1945 3685 Atinium
1960 3612 2379 3685 Labeonem

391 3731 849 3833 provinciam
881 3730 1198 3808 Siciliam
1231 3730 1776 3829 exercitumque
1808 3756 1851 3803 a
1896 3732 2014 3805 M.
2057 3727 2375 3803 Aemilio

389 3852 712 3952 accipere
745 3850 1039 3951 placuit,
1095 3855 1164 3925 &
1197 3850 1274 3925 in
1308 3849 1885 3950 supplementum
1938 3848 2235 3925 scribere
2281 3874 2373 3923 ex

389 3972 538 4075 ipsa
577 3972 970 4073 provincia,
1027 3975 1072 4045 fi
1119 3974 1356 4059 vellet,
1408 3970 1739 4069 peditum
1792 3972 1944 4044 duo
1997 3968 2246 4057 millia,
2291 3974 2365 4045 ὅτ

387 4117 684 4173 centum
725 4093 1022 4193 equites.
1123 4095 1204 4168 P.
1240 4090 1504 4188 Junius
1538 4094 1795 4166 Brutus
1819 4088 1900 4165 in
1928 4088 2201 4167 Tuscos
2234 4114 2359 4167 ex-

1395 4236 1530 4333 F5
