3100 5359
970 720 1807 840 LrnnnXL...
2208 741 2357 822 405

369 895 468 988 ἃ,
519 895 706 973 clam
759 893 1182 994 comparatis
1235 894 1488 997 copiis,
1556 893 1805 971 saltum
1866 894 2356 987 Manlianum,

367 1041 496 1117 per
543 1041 765 1116 quem
819 1018 1268 1092 tranfiturum
1313 1014 1711 1092 exercitum
1746 1018 2168 1093 Romanum
2203 1016 2363 1093 satis

369 1135 714 1225 sciebant,
763 1135 1216 1214 obsederunt.
1317 1139 1404 1212 In
1464 1136 1895 1237 Hispaniam
1950 1135 2361 1214 ulteriorem

369 1258 576 1334 eunti
660 1258 756 1333 L.
807 1255 1182 1334 Postumio
1265 1256 1542 1360 Albino
1609 1259 1923 1358 collegae
1989 1259 2362 1336 Gracchus

369 1378 850 1467 mandaverat,
933 1397 1018 1452 ut
1081 1382 1196 1479 Q
1229 1375 1576 1453 Fulvium
1632 1376 2005 1455 certiorem
2070 1377 2359 1468 faceret,

366 1502 850 1577 Tarraconem
903 1497 1302 1580 exercitum
1335 1499 1747 1581 adduceret.
1848 1509 1901 1542 “
1938 1495 2054 1573 Ibi
2088 1493 2361 1570 dimitti

369 1628 423 1664 “
455 1639 849 1708 veter-anm,
899 1617 1532 1718 supplementaque
1564 1617 2007 1706 distribuere,
2062 1621 2131 1691 ὅτ
2165 1615 2359 1692 ordi·

369 1747 424 1785 “
459 1765 626 1816 nare
668 1763 962 1820 omnem
1006 1737 1407 1814 exercitum
1440 1737 1577 1814 sese
1610 1739 1860 1822 velle.'’
1910 1812 1917 1818 ,
1960 1735 2139 1813 Dies
2172 1763 2363 1837 quo-

371 1885 545 1962 que,
599 1859 678 1934 δε
715 1885 800 1936 ea
837 1857 1274 1961 propinqua,
1325 1857 1519 1936 edita
1551 1859 1812 1934 Flacco
1846 1858 1973 1946 est,
2025 1882 2173 1956 qua
2204 1856 2359 1931 suc-

371 1983 590 2058 cefl’or
611 1982 778 2057 effet
807 2002 1170 2058 venturus.
1269 1979 1480 2054 Haec
1509 2003 1695 2054 nova
1719 1979 1949 2053 adlata
1970 2002 2104 2065 res,
2148 1974 2362 2052 omis-

371 2103 482 2189 fis,
533 2125 718 2200 quae
747 2125 953 2201 agere
981 2099 1402 2188 instituerat,
1456 2099 1799 2175 Flaccum
1836 2097 2091 2197 raptim
2130 2097 2361 2172 dedu-

373 2245 532 2296 cere
609 2219 1008 2296 exercitum
1090 2246 1181 2296 ex
1259 2217 1647 2296 Celtiberia
1706 2244 1939 2318 quum
2000 2217 2361 2318 coegisset,

373 2339 680 2429 barbari,
734 2341 1006 2415 cauffae
1033 2337 1288 2440 ignari,
1339 2338 1532 2415 suam
1557 2338 2034 2416 defectionem
2072 2339 2149 2412 &
2177 2341 2363 2416 clam

373 2481 773 2561 comparata
789 2484 984 2534 arma
1001 2459 1261 2536 sensrffe
1294 2486 1492 2568 eum,
1519 2463 1590 2537 δε
1615 2458 2049 2559 pertimuiffe
2088 2459 2245 2550 rati,
2274 2487 2363 2538 eo

374 2581 678 2660 ferocius
715 2579 970 2656 saltum
1004 2579 1436 2656 insederunt.
1537 2579 1695 2656 Ubi
1732 2607 1901 2656 eum
1934 2579 2187 2658 saltum
2221 2581 2364 2683 pri-

375 2727 496 2778 ma
543 2703 706 2776 luce
767 2725 1030 2800 agmen
1082 2702 1504 2776 Romanum
1562 2699 1875 2790 intravit,
1926 2725 2213 2802 repente
2272 2729 2365 2780 ex

379 2823 664 2900 duabus
687 2820 1004 2920 partibus
1029 2820 1234 2896 fimul
1260 2820 1487 2896 exorti
1514 2821 1745 2896 hostes
1776 2824 2149 2898 Romanos
2168 2823 2365 2901 inva-

377 2943 638 3020 serunt.
735 2943 964 3044 Qod
1021 2939 1152 3018 ubi
1183 2941 1370 3017 vidit
1403 2943 1729 3031 Flaccus,
1779 2939 2047 3039 primos
2094 2945 2367 3020 tumul-

377 3083 522 3168 tus,
574 3062 650 3140 in
679 3061 970 3162 agmine
1014 3087 1142 3162 per
1193 3061 1646 3138 centuriones
1699 3062 1873 3138 stare
1910 3088 2187 3150 omneS,
2236 3061 2367 3140 suo

373 3205 739 3283 quemque
779 3183 968 3271 loc0,
1004 3188 1075 3257 δε
1101 3208 1305 3260 arma·
1321 3181 1656 3281 expedire
1672 3183 2028 3279 jubend0,
2064 3181 2363 3260 sedavit:

381 3309 482 3393 ὅτ,
533 3303 816 3381 sarcinis
852 3302 1343 3402 jumentisque
1389 3301 1465 3378 in
1510 3326 1747 3376 unum
1788 3303 2033 3378 locum
2078 3303 2367 3394 coaffls,

383 3423 626 3524 copias
675 3449 923 3498 omnes
973 3422 1232 3523 partim
1275 3421 1447 3523 ipse,
1506 3421 1765 3523 partim
1790 3448 1917 3521 per
1948 3423 2214 3523 legatos
2245 3424 2370 3500 tri-

385 3541 764 3643 bunosque
790 3542 1136 3633 militum,
1165 3565 1251 3618 ut
1269 3563 1577 3644 tempus,
1608 3563 1693 3618 ut
1718 3544 1921 3618 locus
1945 3543 2368 3641 postulabat,

385 3666 530 3740 fine
563 3665 710 3740 ulla
735 3662 1202 3764 trepidatione
1238 3661 1615 3752 instruxit3
1668 3673 1721 3707 “
1758 3687 1927 3738 cum
1964 3662 2074 3738 bis
2108 3663 2372 3739 deditis

388 3794 444 3830 “
479 3808 631 3860 rem
690 3787 870 3861 effe”
949 3785 1364 3860 admonens·
1485 3795 1537 3828 “
1572 3784 1812 3860 Scelus
1870 3787 1940 3859 ὅτ
1996 3783 2370 3882 perfidiam

387 3913 444 3973 .“
483 3902 650 3995 illis,
687 3931 832 3981 non
857 3905 1225 3994 virtutem,
1255 3930 1387 3979 nec
1414 3903 1737 3980 animum
1763 3905 2121 3980 acceffiffe.
2222 3905 2367 3978 Re-

391 4033 448 4071 “
489 4024 734 4101 ditum
762 4025 1158 4127 ignobilem
1185 4025 1264 4100 in
1297 4023 1626 4122 patriam,
1677 4027 1947 4100 clarum
1980 4050 2062 4100 ac
2096 4049 2371 4099 memo·

391 4154 446 4194 “
483 4144 782 4223 rabilem
813 4173 934 4224 eos
961 4145 1087 4224 fibi
1121 4143 1392 4222 feciffe=
1430 4163 1757 4222 cruentos
1793 4170 1883 4220 ex
1915 4141 2181 4224 recenti
2218 4169 2372 4220 cae·
