3100 5359
851 697 926 771 L
977 721 1007 770 1
1065 722 1108 772 n
1163 723 1212 772 a
1267 723 1316 774 n
1417 699 1811 781 XXXVII.
2182 709 2187 714 ’
2259 705 2350 803 87

375 895 500 954 ma
553 868 828 950 Samiae
864 872 1128 950 vellent
1169 872 1504 972 trajicere,
1559 903 1705 954 non
1748 875 2149 976 exspeaato
2189 874 2350 958 solis

373 1013 568 1080 σιω,
621 1017 718 1070 ex
737 1017 894 1091 quo
913 992 1171 1072 statum
1203 995 1384 1072 coeli
1415 1018 1655 1072 notare
1680 1001 2179 1098 gubernatores
2193 994 2347 1096 pos-

374 1109 553 1201 sent,
595 1111 668 1190 in
699 1112 1036 1193 incertam
1063 1115 1542 1213 tempestatem
1570 1116 1933 1196 miserunt.
1982 1115 2245 1194 Medio
2272 1115 2351 1192 in

371 1231 610 1321 cursu,
643 1232 977 1332 aquilone
1007 1233 1082 1308 in
1115 1233 1660 1334 septentrionem
1692 1235 1913 1326 verse,
1950 1236 2347 1336 exasperato

367 1351 714 1433 Mibus
729 1352 908 1432 mari
927 1352 1174 1451 jactari
1200 1377 1605 1456 coeperunt.

473 1475 682 1552 xm.
827 1474 1332 1573 Polyxenidas,
1400 1479 1697 1554 Samum
1755 1474 2096 1574 petituros
2161 1495 2347 1557 ratus

373 1594 635 1683 hostes,
667 1613 751 1672 ut
777 1592 842 1669 se
863 1595 1198 1673 Rhodiae
1219 1597 1401 1674 claffi
1429 1598 1965 1696 conjungerent,
1994 1599 2083 1674 ab
2108 1597 2345 1694 Ephe-

376 1714 450 1792 so
491 1713 881 1813 profectus,
931 1715 1168 1813 primo
1217 1716 1311 1792 ad
1363 1717 1853 1815 Myonnesum
1906 1715 2123 1792 stetit:
2177 1715 2347 1795 inde

373 1837 470 1914 ad
529 1834 820 1914 Macrin
889 1841 1140 1934 (quarn
1197 1838 1488 1928 vocant)
1556 1835 1852 1912 insulam
1912 1835 2203 1932 trajecit,
2265 1855 2349 1914 ut

373 1954 960 2054 praetervehentis
995 1957 1207 2032 claffis
1231 1958 1278 2030 fi
1308 1981 1481 2054 quas
1509 1959 1903 2032 aberrantes
1936 1983 2027 2030 ex
2060 1955 2345 2055 agmine

374 2102 590 2154 naves
649 2078 898 2174 poffet,
959 2096 1082 2152 aut
1135 2076 1573 2173 postremum
1630 2102 1891 2178 agmen
1942 2097 2341 2174 opportune

377 2195 788 2272 adoriretur.
887 2195 1274 2294 Postquam
1309 2195 1601 2294 sparsam
1629 2195 2032 2294 tempestate
2066 2197 2346 2276 claffem

376 2315 592 2402 vidit,
642 2313 1087 2390 occasionem
1120 2313 1355 2414 primo
1387 2314 1849 2414 adgrediendi
1884 2336 2096 2403 ratus,
2146 2317 2345 2414 paul·

378 2438 450 2512 lo
481 2435 640 2535 post
685 2433 1236 2510 increbrescente
1283 2456 1524 2522 vento,
1574 2435 1652 2510 δι
1698 2435 1988 2532 majores
2008 2435 2159 2532 jam
2194 2437 2343 2510 vol-

377 2577 587 2632 vente
635 2557 928 2646 fluctus,
979 2553 1150 2654 quia
1201 2555 1562 2655 pervenire
1614 2555 1681 2632 se
1738 2557 1830 2632 ad
1882 2582 2001 2632 eos
2057 2554 2347 2634 videbat

376 2704 524 2754 non
557 2679 772 2776 poste,
825 2677 916 2750 ad
951 2674 1356 2750 Aethaliam
1391 2673 1691 2752 insulam
1718 2675 2009 2773 trajecit,
2059 2695 2143 2752 ut
2176 2675 2346 2762 inde

377 2797 656 2898 postero
693 2795 812 2872 die
846 2798 1140 2870 Samum
1171 2819 1264 2870 ex
1311 2796 1454 2872 alto
1498 2817 1815 2896 petentes
1848 2821 2058 2896 naves
2096 2797 2345 2896 adgre-

377 2919 682 2994 deretur.
781 2915 1127 3005 Romani,
1189 2942 1342 3015 pass
1394 2915 1681 3016 exigua,
1741 2915 1989 3016 primis
2040 2915 2345 2996 tenebris

379 3059 669 3138 portum
703 3036 974 3112 Samiae
999 3034 1354 3112 desertum
1379 3057 1794 3112 tenuerunt=
1848 3039 2063 3114 claffis
2088 3057 2342 3126 cetera,

376 3161 668 3234 noGYem
701 3178 922 3234 totam
952 3156 1034 3232 in
1067 3158 1210 3231 alto
1239 3155 1523 3254 jaciata,
1571 3155 1653 3232 in
1686 3157 2026 3234 eumdem
2053 3177 2345 3254 portum

375 3277 716 3354 decurrit.
845 3276 961 3352 Ibi
1027 3301 1120 3350 ex
1181 3275 1570 3376 agrestibus
1636 3275 1953 3376 cognito,
2028 3277 2344 3356 hostium

376 3425 588 3474 naves
651 3397 746 3474 ad
809 3395 1214 3472 Aethaliam
1275 3395 1478 3486 stare,
1547 3397 1923 3472 confilium
1984 3397 2340 3488 habitum,

372 3540 624 3596 utrum
679 3518 1040 3615 extemplo
1098 3517 1577 3604 decernerent,
1644 3543 1737 3592 an
1795 3516 2166 3594 Rhodiam
2216 3541 2341 3596 ex·

373 3638 762 3739 spectarent
793 3637 1094 3712 claffem.
1194 3635 1434 3712 Dilata
1475 3663 1574 3726 re,
1632 3637 1758 3735 (ita
1800 3635 1994 3714 enim
2037 3637 2335 3736 placuit)

373 3761 769 3858 Corycum,
832 3759 1026 3832 unde
1079 3778 1439 3844 venerant,
1500 3757 1939 3852 trajecerunt.
2040 3759 2341 3856 Polyxe-

373 3877 584 3954 nidas
635 3901 956 3976 quoque,
1018 3902 1252 3976 quum
1305 3876 1555 3952 frustra
1601 3876 1904 3964 stetiffet,
1976 3876 2340 3976 Ephesum

375 3997 612 4075 rediit.
712 4001 786 4072 T
789 4023 914 4072 um
959 3999 1330 4072 Romanae
1373 4023 1585 4073 naves
1626 4021 1855 4072 vacuo
1898 4000 1990 4072 ab
2021 3997 2341 4078 hostibus

378 4117 556 4198 mari
587 4121 886 4196 Samum
915 4118 1356 4216 trajecerunt.
1454 4117 1739 4194 Eodem
1764 4121 1833 4196 ὅτ,
1852 4116 2147 4196 Rhodia
2174 4113 2339 4196 clas·
