3100 5359
805 730 898 805 3o
1495 696 2123 782 T.L1v11

802 890 854 925 ‘⁸
891 905 1124 979 aequo
1157 905 1411 978 campo
1439 906 1585 955 non
1620 879 1842 955 modo
1867 880 2207 981 congredi
2234 880 2302 956 se
2328 881 2420 956 ad
2450 906 2768 983 pugnam

799 1012 852 1047 ⁸⁸
889 1002 1174 1087 audere,
1226 997 1347 1074 sed
1379 1026 1468 1074 ne
1497 1000 1712 1076 castra
1744 1000 2044 1101 quidem
2078 1000 2156 1075 in
2202 1023 2442 1099 aperto
2475 1029 2765 1102 ponere,

801 1134 853 1168 ⁸⁸
889 1120 1127 1195 relicta
1173 1118 1372 1195 omni
1417 1141 1577 1194 ante
1613 1120 1679 1195 se
1726 1120 2011 1221 regione
2045 1148 2151 1211 ea,
2201 1148 2423 1220 quarn
2458 1120 2525 1197 se
2558 1123 2767 1200 nobis

801 1252 852 1288 ⁸⁸
887 1268 971 1316 ac
1022 1238 1362 1339 Philippo
1417 1240 1748 1315 ademisse
1800 1240 2258 1341 gloriabatur,
2320 1242 2647 1319 condidit
2700 1242 2767 1319 se

801 1372 851 1409 ⁸⁸
889 1360 1070 1438 intra
1117 1386 1370 1461 rupes:
1423 1387 1513 1435 ne
1560 1382 1719 1436 ante
1771 1358 2009 1437 fauces
2052 1362 2352 1461 quidem
2400 1362 2633 1451 saltus,
2684 1385 2768 1438 ut

801 1494 852 1529 ⁸⁸
887 1481 1257 1585 quondam
1310 1480 1919 1557 Lacedaemonios
1970 1479 2159 1557 fama
2216 1483 2340 1571 est,
2413 1482 2533 1559 sed
2585 1483 2766 1561 intra

799 1610 852 1650 ⁸⁸
887 1602 1170 1703 penitus
1199 1600 1506 1676 retractis
1538 1600 1816 1677 castris:
1868 1604 2071 1702 quod
2104 1624 2457 1701 quantum
2484 1604 2767 1679 interest

799 1734 852 1771 ‘⁸
885 1726 977 1800 ad
1029 1722 1360 1798 timorem
1425 1720 1978 1811 ostendendum,
2046 1750 2136 1797 an
2200 1722 2423 1798 muris
2468 1724 2764 1821 alicujus

795 1854 852 1891 ‘⁸
887 1844 1085 1922 urbis
1127 1841 1603 1919 obfidendum
1656 1839 1790 1917 sese
1846 1841 2253 1918 incluserit?
2354 1844 2494 1918 Sed
2528 1870 2762 1943 neque

796 1976 850 2012 ‘⁸
888 1963 1338 2041 Antiochum
1390 1965 1783 2038 tuebuntur
1826 1962 2211 2063 angustiae,
2283 1989 2416 2038 nec
2463 1966 2759 2039 Aetolos

797 2094 850 2131 ‘⁸
884 2084 1180 2160 vertices
1246 2082 1374 2173 illi,
1445 2108 1629 2183 quos
1698 2104 2060 2183 ceperunt.
2197 2083 2375 2159 Satis
2433 2082 2762 2183 undique

798 2215 849 2250 ‘⁸
882 2203 1243 2305 provisum
1273 2226 1486 2302 atque
1519 2225 1977 2302 praecautum
2012 2202 2138 2292 est,
2190 2230 2280 2279 ne
2306 2203 2489 2305 quid
2515 2205 2762 2279 adver-

793 2334 848 2371 ⁸⁸
882 2323 995 2401 sus
1025 2352 1151 2400 vos
1185 2323 1260 2399 in
1293 2349 1537 2425 pugna
1560 2345 1826 2422 praeter
1852 2324 2079 2399 hostes
2106 2326 2293 2400 effet.
2377 2326 2570 2401 Illud
2594 2350 2758 2423 pro·

795 2456 846 2491 ‘⁸
881 2471 1144 2544 ponere
1179 2444 1420 2519 animo
1451 2445 1680 2519 vestro
1712 2442 2011 2531 debetis,
2046 2470 2191 2517 non
2215 2470 2340 2519 vos
2374 2470 2504 2542 pro
2539 2448 2757 2519 Grae-

794 2576 848 2612 “
883 2564 1030 2641 ciac
1065 2564 1382 2640 libertate
1429 2586 1709 2639 tanturn
1756 2562 2120 2652 dimicare,
2178 2570 2649 2665 (quamquam
2702 2564 2759 2639 is

792 2696 846 2731 ‘⁸
869 2709 1175 2784 -quoque
1221 2682 1545 2785 egregius
1580 2684 1828 2759 titulus
1874 2686 2063 2773 effet,
2114 2684 2477 2761 liberatam
2512 2712 2553 2758 a
2586 2684 2755 2759 Phi-

793 2815 844 2851 ⁸⁸
879 2804 1078 2903 lippo
1109 2824 1297 2892 ante,
1350 2830 1544 2879 nunc
1589 2807 1679 2880 ab
1726 2803 2004 2879 Aetolis
2036 2808 2105 2879 δε
2140 2808 2231 2880 ab
2268 2804 2636 2880 Antiocho
2668 2804 2753 2879 li-

794 2936 844 2969 ⁸⁸
883 2924 1147 3021 berare)
1187 2949 1420 3023 neque
1451 2950 1533 2998 ea
1578 2944 1853 2999 tantum
1902 2924 1977 2999 in
2020 2924 2415 3022 praemium
2444 2924 2753 3001 vestrum

793 3057 844 3090 ⁸⁸
876 3046 1162 3135 ceffura,
1214 3070 1396 3145 quae
1445 3072 1639 3121 nunc
1694 3044 1768 3120 in
1822 3044 2031 3145 regiis
2076 3043 2310 3121 castris
2362 3044 2565 3120 sunt:
2630 3044 2751 3120 sed

791 3164 1084 3242 “illum
1134 3192 1424 3266 quoque
1469 3193 1761 3241 omnem
1801 3167 2238 3266 adparatum,
2290 3165 2421 3265 qui
2470 3164 2545 3241 in
2596 3164 2747 3240 dies

792 3296 846 3332 ‘⁸
879 3290 971 3363 ab
1003 3287 1283 3388 Epheso
1309 3285 1769 3387 exspectatur,
1794 3288 2085 3387 praedae
2115 3284 2473 3361 futurum:
2512 3288 2757 3361 Asiam

789 3418 842 3454 ‘⁸
877 3406 1139 3483 deinde
1170 3408 1613 3508 Syriamque,
1663 3409 1732 3480 δε
1770 3406 2013 3481 omnia
2046 3403 2268 3505 usque
2299 3406 2390 3481 ad
2424 3428 2618 3481 ortus
2644 3404 2750 3481 so-

788 3540 840 3574 ‘⁸
875 3527 963 3604 lis
995 3526 1324 3603 ditissima
1367 3553 1582 3627 regna
1630 3526 1931 3625 imperio
1977 3528 2313 3601 Romano
2370 3547 2752 3625 aperturos.

787 3660 840 3695 ‘⁸
876 3648 1084 3751 Qid
1127 3648 1388 3723 deinde
1439 3646 1688 3737 aberit,
1740 3644 1919 3747 quin
1952 3648 2042 3721 ab
2078 3645 2407 3721 Gadibus
2439 3648 2532 3720 ad
2564 3672 2753 3719 mare

791 3783 841 3816 “
877 3774 1175 3847 rubrum
1221 3772 1514 3844 Oceano
1568 3769 1741 3842 fines
1786 3765 2272 3853 terminemus,
2325 3765 2451 3865 qui
2506 3769 2753 3842 orbern

789 3902 840 3939 ‘⁸
878 3912 1215 3967 terrarum
1241 3891 1579 3989 amplexu
1610 3886 1799 3977 finit,
1852 3888 1922 3961 &
1955 3912 2169 3961 omne
2198 3888 2597 3960 humanum
2630 3914 2753 3988 ge·

788 4026 838 4061 ⁸⁸
877 4040 1010 4091 nus
1046 4011 1439 4087 secundum
1478 4010 1673 4085 Deos
1708 4033 1972 4085 nomen
2006 4010 2424 4081 Romanum
2466 4034 2753 4083 venere-

787 4148 838 4182 ‘⁸
875 4137 1044 4211 tur?
1144 4134 1231 4208 In
1274 4132 1446 4207 haec
1477 4152 1671 4206 tanta
1711 4126 2021 4230 praemia
2048 4126 2305 4228 dignos
2336 4150 2567 4228 parate
2600 4126 2749 4205 ani-
