3100 5359
957 767 1032 842 L
1081 791 1113 880 ,¹
1171 772 1316 842 13‘12.
1351 790 1419 841 „R
1501 759 1697 844 ‘'XL.
2192 771 2337 868 389

355 943 668 1019 clamore
711 939 968 1040 pariter
999 939 1362 1030 omnium3
1409 938 1540 1041 qui
1574 939 1651 1016 in
1684 939 1917 1018 castris
1950 959 2169 1032 erant,
2219 969 2334 1020 ca-

361 1064 614 1140 lonum
665 1087 959 1162 quoque
1004 1066 1072 1137 &
1125 1060 1459 1151 lixarum,
1507 1061 1811 1152 sublato,
1860 1065 2064 1139 fimul
2097 1065 2332 1139 omni-

359 1184 499 1258 bus
539 1181 762 1282 portis
812 1181 1130 1256 Romani
1187 1201 1597 1280 eruperunt.
1696 1182 2093 1283 Liguribus
2150 1185 2332 1260 adeo

361 1300 712 1401 inprovisa
742 1328 849 1378 res
881 1301 1158 1391 fuit,·ut
1184 1300 1505 1401 perinde,
1537 1329 1621 1380 ac
1650 1307 1696 1379 fi
1732 1303 1995 1378 insidiis
2023 1303 2333 1379 circum-

359 1421 555 1498 venti
589 1421 844 1510 forent,
879 1421 1326 1522 trepidarent.
1427 1421 1809 1522 Exiguum
1838 1422 2175 1522 temporis
2208 1422 2333 1499 ali-

361 1565 511 1642 qua
551 1541 779 1626 forma
832 1567 1115 1642 pugnae
1164 1541 1322 1617 fuit.
1421 1544 1631 1642 Fuga
1670 1543 1935 1618 deinde
1973 1544 2214 1634 effusa,
2266 1549 2336 1621 δε

361 1660 798 1762 fugientium
853 1665 1096 1761 paffim
1157 1663 1405 1738 caedes
1457 1683 1665 1738 erat.·
1724 1663 2119 1762 Equitibus
2167 1666 2337 1740 dato

363 1785 584 1881 signo,
617 1803 702 1859 ut
732 1781 1279 1858 conscenderent
1311 1805 1561 1880 equos,
1596 1806 1729 1857 nec
1748 1783 2057 1882 effugere
2082 1809 2337 1883 quem-

361 1927 584 2001 quam
629 1907 950 1992 linerent,
1001 1900 1076 1976 in
1105 1901 1322 1976 castra
1351 1926 1599 1978 omnes
1632 1902 1907 2000 trepida
1938 1902 2110 2004 fuga
2142 1931 2339 1980 com-

362 2021 546 2121 pulfi
571 2021 763 2098 sunt=
793 2022 1058 2114 deinde
1091 2020 1250 2120 ipfis
1280 2019 1482 2097 exuti
1517 2020 1774 2097 castris.
1874 2023 2103 2122 Supra
2126 2023 2340 2124 quin-

363 2142 606 2220 decim
632 2142 881 2218 millia
921 2142 1286 2242 Ligurum
1331 2167 1420 2216 eo
1471 2140 1593 2217 die
1636 2135 1891 2232 occisa,
1942 2163 2146 2244 capta
2188 2145 2340 2220 duo

361 2261 590 2338 millia
605 2264 684 2337 δε
703 2261 1104 2362 quingenti.
1205 2259 1492 2338 Triduo
1509 2261 1668 2361 post
1686 2261 2051 2362 Ligurum
2080 2267 2338 2365 Ingau-

364 2409 624 2460 norum
653 2408 869 2460 omne
895 2407 1187 2471 nomen,
1237 2381 1606 2458 obsidibus
1634 2381 1841 2471 datis,
1892 2381 1970 2457 in
1988 2384 2341 2461 ditionem

361 2505 585 2583 venit.
695 2507 1222 2585 Gubernator-es
1287 2525 1687 2603 nautaeque
1752 2505 2158 2604 conquifiti,
2210 2509 2339 2606 qui

365 2627 808 2726 praedatores
851 2623 1136 2700 fuiffent
1168 2623 1494 2712 navibus,
1545 2644 1763 2722 atque
1797 2648 2045 2700 omnes
2078 2626 2153 2701 in
2186 2627 2342 2704 cus-

365 2744 642 2821 todiam
684 2743 1008 2841 conjecti.
1112 2747 1210 2818 Et
1240 2770 1282 2817 a
1313 2745 1399 2818 C.
1435 2742 1767 2818 Matieno
1801 2745 2189 2822 duumviro
2220 2773 2343 2824 na-

364 2893 490 2941 ves
539 2867 688 2964 ejus
739 2863 1014 2965 generis
1071 2863 1148 2936 in
1200 2860 1581 2962 Ligustina
1623 2887 1747 2937 ora
1803 2861 2095 2964 triginta
2156 2867 2343 2944 duae

365 3006 608 3086 captae
648 2984 835 3060 sunt.
933 2985 1142 3060 Haec
1176 2981 1306 3081 qui
1341 2981 1785 3072 nunciarent,
1834 2982 2205 3082 literasque
2246 2988 2341 3062 ad

367 3105 684 3182 senatum
739 3104 1024 3191 ferrent,
1076 3105 1171 3177 L.
1203 3101 1544 3177 Aurelius
1574 3103 1815 3192 Cotta,
1865 3104 1954 3179 C.
1981 3103 2343 3203 Sulpicius

369 3230 622 3304 Gallus
675 3229 992 3302 Romam
1043 3221 1267 3309 miffi3
1321 3224 1667 3321 simulque
1716 3242 2059 3322 peterent,
2112 3244 2197 3300 ut
2243 3227 2341 3302 L.

370 3347 690 3425 Aemilio
715 3343 1036 3423 confeEta
1062 3340 1428 3442 provincia
1457 3342 1828 3432 decedere,
1882 3347 1951 3418 ὅτ
1984 3345 2340 3422 deducere

366 3469 610 3546 secum
642 3465 900 3542 milites
929 3453 1196 3556 liceret,
1229 3481 1445 3559 atque
1470 3460 1850 3536 dimittere.
1920 3464 2342 3564 Utrumque

364 3587 776 3690 permiffum
839 3587 932 3661 ab
996 3583 1263 3671 senatu,
1336 3580 1414 3653 δε
1464 3579 1886 3680 supplicatio
1944 3585 2035 3658 ad
2096 3584 2345 3661 omnia

364 3706 764 3810 pulvinaria
784 3731 906 3806 per
935 3704 1261 3779 triduum
1295 3702 1607 3776 decreta:
1630 3701 1937 3801 juffique
1964 3725 2340 3803 praetores,

367 3829 694 3906 Petillius
725 3829 1023 3901 urbanas
1057 3820 1412 3897 dimittere
1442 3818 1785 3920 legiones,
1836 3823 2103 3900 Fabius
2136 3823 2341 3902 sociis

366 3971 585 4052 atque
623 3943 901 4022 nomini
941 3941 1207 4018 Latino
1259 3939 1609 4016 remittere
1664 3944 2063 4020 delectumz
2116 3950 2187 4020 &
2228 3945 2340 4021 uti

367 4089 646 4172 praetor
675 4069 990 4143 urbanus
1029 4060 1442 4140 consulibus
1473 4058 1825 4154 scriberet,
1874 4061 2195 4141 senatum
2225 4091 2338 4142 ae-
