3100 5359
898 748 972 821 L
1025 770 1053 819 1
1113 770 1155 819 n
1213 770 1258 819 E
1313 765 1362 819 ιι
1465 744 1826 819 XXXIX.
2196 769 2333 846 277

350 918 618 994 crimae
662 918 946 994 mulieri
978 924 1422 1009 obortaes&
1455 914 1760 995 miserari
1794 918 2033 995 casum
2066 918 2329 995 adoles·

353 1039 586 1115 centis
644 1038 907 1137 coepit,
995 1038 1126 1139 qui
1182 1039 1515 1139 spoliatus
1569 1040 1897 1128 fortunis,
1964 1066 2007 1113 a
2064 1039 2331 1137 quibus

349 1158 660 1235 minime
713 1178 1092 1257 oporteret,
1157 1161 1350 1259 apud
1403 1159 1468 1235 se
1515 1182 1689 1238 tunc
1740 1164 1931 1250 effet,
1984 1160 2243 1257 ejectus
2286 1186 2329 1233 a

351 1300 580 1357 matre
615 1280 818 1378 quod
842 1282 1110 1377 probus
1135 1281 1532 1355 adolescens
1560 1281 1722 1379 (Dii
1755 1280 2044 1381 propitii
2078 1280 2321 1371 effent)

351 1400 753 1489 obscoenis,
771 1419 856 1474 ut
878 1399 1064 1474 fama
1095 1402 1285 1488 effet,
1319 1399 1522 1477 sacris
1556 1400 1815 1477 initiari
1846 1402 2083 1476 nollet.

451 1523 626 1597 XII.
754 1519 932 1595 Satis
1031 1521 1123 1596 de
1203 1519 1525 1596 Aebutio
1607 1520 2055 1621 exploratum
2137 1525 2329 1595 ratus

346 1640 628 1729 consul,
687 1667 835 1715 non
872 1664 1140 1717 vanum
1169 1643 1532 1716 auctorem
1566 1645 1729 1730 effe,
1766 1640 2043 1717 dimifl‘a
2076 1642 2325 1715 Aebu-

347 1761 478 1850 tia,
511 1759 794 1836 socrum
819 1783 1046 1861 rogat,
1081 1781 1164 1835 ut
1185 1759 1589 1860 Hispalam,
1616 1759 1943 1836 indidem
1970 1788 2063 1836 ex
2086 1766 2325 1837 Aven-

345 1880 510 1957 tino
545 1879 976 1968 libertinam,
1031 1906 1178 1955 non
1225 1880 1544 1981 ignotam
1590 1881 1919 1969 viciniae,
1974 1880 2331 1957 arcesseret

344 2003 443 2077 ad
505 1999 666 2076 sese.
801 2002 1012 2092 Eam,
1068 2024 1362 2100 quoque
1428 2004 1589 2090 effe,
1644 2028 1827 2101 quae
1884 2000 2326 2099 percunctari

339 2122 584 2196 vellet.
683 2120 810 2194 Ad
863 2120 1064 2217 cujus
1116 2120 1472 2197 nuncium
1537 2124 1945 2221 perturbata
2000 2119 2325 2219 Hispala,

343 2242 556 2341 quod
587 2240 680 2317 ad
717 2262 858 2314 tam
902 2239 1220 2315 nobilem
1251 2244 1322 2317 ὅτ
1375 2266 1661 2341 gravem
1704 2240 2045 2317 feminam
2086 2240 2329 2339 ignara

343 2362 624 2438 cauffae
657 2362 1135 2467 arcesseremr:
1189 2360 1572 2459 postquam
1604 2361 1880 2436 lictores
1905 2361 1982 2435 in
2014 2359 2323 2436 vestibu-

339 2484 418 2556 lo
438 2483 876 2582 turbamque
908 2478 1345 2556 consularem
1381 2486 1450 2556 ὅτ
1483 2480 1849 2556 consulem
1884 2480 2117 2580 ipsum
2150 2504 2321 2556 con-

339 2600 602 2700 spexit,
615 2626 835 2701 prope
858 2598 1252 2676 exanimata
1271 2600 1393 2676 est.
1491 2604 1577 2676 In
1613 2601 2018 2677 interiorem
2054 2620 2324 2699 partem

339 2720 642 2797 aedium
669 2722 1054 2796 abdufiarn
1106 2718 1304 2795 socru
1351 2720 1672 2803 adhibita
1712 2721 1983 2810 consul,
2020 2733 2073 2766 “
2109 2720 2183 2797 Si
2204 2748 2323 2797 ve·

343 2852 398 2886 “
437 2866 518 2915 ra
549 2839 784 2916 dicere
845 2840 1183 2917 inducere
1219 2841 1316 2915 in·
1339 2841 1666 2916 animum
1724 2844 2020 2941 poffet,''
2081 2862 2318 2941 negat,

340 2970 398 3008 “
437 2959 834 3059 perturbari
854 2961 1137 3036 debere.
1227 2959 1488 3035 Fidem
1505 2962 1619 3035 vel
1651 2987 1692 3036 a
1712 2960 2049 3060 Sulpicia,
2072 2960 2193 3036 tali
2218 2959 2319 3036 fe-

338 3092 394 3127 “
431 3079 658 3170 mina,
684 3082 798 3157 vel
825 3082 916 3155 ab
941 3079 1008 3155 se
1034 3077 1399 3179 acciperet.
1457 3082 1927 3181 Expromeret
1951 3082 2103 3170 fibi,
2132 3108 2319 3181 quae

338 3211 394 3247 “
435 3199 515 3277 in
543 3201 712 3275 luco
743 3197 1026 3274 Similae
1061 3199 1614 3277 Bacchanalibus
1642 3200 1717 3275 in
1751 3198 1939 3277 sacro
1966 3205 2317 3278 nocturno

337 3331 392 3372 “
432 3318 732 3397 solerent
751 3320 972 3395 fieri.”
1022 3322 1197 3396 Hoc
1220 3317 1350 3396 ubi
1371 3319 1675 3409 audivit,
1690 3341 1924 3396 tantus
1951 3342 2315 3421 pavortre-

335 3465 646 3538 morque
673 3440 1004 3514 omnium
1041 3443 1530 3515 membrorum
1567 3440 1941 3520 mulierem
1974 3442 2188 3542 cepit,
2232 3464 2319 3520 ut

336 3561 474 3636 diu
509 3557 774 3634 hiscere
795 3585 940 3634 non
965 3563 1224 3659 posset:
1261 3562 1552 3635 tandem
1574 3564 2075 3652 confirmata,“
2112 3566 2315 3663 puel-

335 3690 389 3732 “
421 3681 566 3755 lam
581 3681 976 3755 admodum
991 3679 1055 3755 se
1067 3679 1395 3755 ancillam
1407 3680 1755 3756 initiatam
1768 3708 1937 3759 cum
1950 3684 2317 3774 domina,”

331 3799 458 3875 ait.
560 3810 612 3843 ‘⁶
648 3798 952 3898 Aliquot
975 3798 1204 3887 annis,
1237 3826 1329 3874 ex
1361 3827 1510 3899 quo
1531 3799 1952 3876 manumissa
1970 3806 2073 3891 fit,
2109 3804 2317 3895 nihil,

336 3930 392 3967 ⁸‘
429 3919 614 4021 quid
661 3920 763 3996 ibi
799 3922 946 4007 fiat,
975 3918 1214 3997 scire.”
1312 3922 1476 4015 Jam
1512 3920 1590 3995 id
1626 3919 1859 4019 ipsum
1892 3920 2139 3997 consul
2163 3928 2313 4000 lau-

335 4043 533 4131 dare,
596 4052 649 4087 “
683 4066 918 4139 quum
959 4038 1304 4115 initiatam
1339 4039 1404 4115 se
1451 4066 1599 4115 non
1629 4040 2079 4118 inficiaretur.
2176 4046 2319 4119 Sed

341 4172 394 4211 ⁸‘
435 4164 504 4237 δι
525 4182 753 4241 cetera
785 4162 1032 4237 eadem
1053 4160 1200 4237 fide
1225 4182 1690 4260 expromeret.
1792 4162 2109 4264 Neganti
2134 4166 2318 4239 ultra
