3100 5359
893 732 966 807 L
1015 756 1146 806 τις
1203 756 1248 807 Ε
1301 756 1352 807 R
1454 734 1816 843 xxxix.
2207 758 2346 833 323

366 903 796 1005 Sempronii,
821 908 1124 1007 Longus
1149 910 1218 981 &
1253 908 1689 983 Tuditanus.
1784 905 1923 981 Sed
1942 930 2191 981 omnes
2222 930 2344 1003 pa·

365 1026 608 1106 tricies
639 1026 1090 1125 plebejosque
1141 1026 1725 1101 nobiliffimarurn
1762 1025 2191 1101 familiarum
2222 1010 2345 1100 M.'

367 1147 668 1223 Porcius
700 1150 914 1247 longe
945 1146 1278 1223 anteibat.
1375 1149 1463 1220 In
1488 1149 1629 1221 hoc
1660 1148 1819 1221 viro
1840 1166 2037 1221 tanta
2058 1144 2165 1221 vis
2190 1143 2339 1219 ani-

365 1266 483 1343 mi·
507 1266 925 1367 ingeniique
958 1266 1124 1355 fuit,
1169 1286 1280 1355 ut,
1315 1292 1785 1365 quocumque
1816 1268 1979 1341 loco
2012 1288 2217 1341 natus
2244 1265 2344 1341 es-

365 1386 494 1475 set,
544 1387 908 1463 fortunam
957 1386 1086 1463 fibi
1137 1386 1284 1485 ipse
1327 1386 1643 1461 facturus
1706 1385 1911 1461 fuiffe
1960 1387 2343 1461 videretur.

365 1510 594 1585 Nulla
619 1534 754 1596 ars,
801 1532 1034 1605 neque
1067 1507 1400 1605 privatae,
1453 1531 1688 1605 neque
1728 1505 2057 1605 publicae
2086 1505 2185 1581 rei
2220 1530 2343 1605 ge·

361 1629 652 1715 rendae,
701 1626 768 1703 ei
797 1626 1050 1702 defuit.
1153 1630 1484 1703 Urbanas
1505 1625 1933 1725 rusticasque
1960 1652 2065 1700 res
2084 1625 2343 1725 pariter

365 1748 688 1827 callebat.
789 1748 911 1822 Ad
933 1746 1248 1823 summos
1293 1750 1595 1822 honores
1616 1746 1799 1821 alios
1823 1745 2115 1820 scientia
2132 1745 2341 1842 juris,

363 1866 540 1945 alios
603 1866 1038 1965 eloquentia,
1099 1867 1278 1941 alios
1340 1866 1565 1965 gloria
1620 1865 1937 1939 militaris
1989 1864 2341 1963 provexit.

363 1987 578 2066 Huic
605 1986 918 2065 versatile
967 1987 1342 2087 ingenium
1369 1988 1464 2061 fic
1497 1987 1752 2086 pariter
1782 1988 1877 2060 ad
1906 1985 2153 2060 omnia
2174 1984 2341 2076 fuit,

359 2129 449 2185 ut
477 2130 730 2186 natum
761 2108 856 2183 ad
897 2106 975 2181 id
1007 2134 1244 2183 unum
1275 2106 1573 2194 dicerer»,
1626 2108 2145 2206 quodcumque
2178 2132 2341 2204 age-

358 2249 488 2305 ret.
589 2230 674 2335 In
709 2229 900 2303 bello
927 2250 1142 2305 manu
1167 2225 1596 2316 fortiffimuS,
1632 2226 2017 2326 multisque
2056 2224 2341 2325 infigni-

363 2352 500 2425 bus
559 2351 784 2425 clarus
837 2345 1124 2445 pugnis.
1223 2347 1458 2435 Idem,
1504 2348 1885 2446 postquam
1918 2348 2015 2420 ad
2044 2372 2343 2445 magnos

363 2470 666 2548 honores
722 2466 1070 2564 pervenit,
1135 2465 1458 2544 summus
1522 2466 1936 2565 imperator:
2000 2467 2197 2543 idem
2264 2467 2343 2541 in

361 2616 569 2689 pace,
601 2592 648 2665 fi
665 2588 786 2685 jus
814 2585 1236 2675 consuleres,
1272 2586 1715 2684 peritiffimus
1736 2619 1763 2675 3
1816 2592 1863 2663 fi
1889 2590 2119 2664 cauffa
2142 2614 2341 2663 oran-

362 2710 460 2790 da
487 2710 680 2797 effet,
731 2706 1362 2805 eloquentiffimus.
1463 2710 1626 2783 Nec
1668 2706 1727 2781 is
1770 2728 2079 2796 tantum,
2140 2709 2341 2805 cujus

361 2828 614 2928 lingua
637 2828 804 2905 vivo
830 2853 918 2903 eo
943 2826 1278 2925 viguerit,
1319 2848 1873 2904 monumentum
1896 2829 2339 2927 eloquentiae

363 2951 650 3031 nullum
699 2948 922 3025 exstet
943 2979 964 3021 ε
1041 2946 1222 3023 vivit
1261 2946 1491 3023 immo
1541 2947 1883 3046 vigetque
1934 2948 2343 3045 eloquentia

363 3069 542 3165 ejus,
589 3067 843 3146 sacrata
884 3065 1158 3164 scriptis
1199 3066 1434 3143 omnis
1467 3066 1766 3165 generis.
1864 3068 2239 3144 Orationes
2262 3070 2339 3144 &

365 3214 498 3288 pro
524 3188 595 3265 se
627 3191 924 3277 multae,
971 3193 1040 3263 &
1067 3212 1201 3285 pro
1229 3186 1408 3275 aliis,
1455 3192 1520 3265 δι
1558 3188 1637 3263 in
1669 3187 1864 3265 alios.
1963 3190 2157 3263 Nam
2192 3214 2341 3263 non

366 3309 596 3386 solum
632 3308 1052 3397 accusando,
1089 3307 1207 3382 sed
1241 3307 1454 3383 etiam
1477 3311 1781 3385 cauffam
1810 3308 2151 3397 dicende,
2180 3308 2339 3385 fati-

362 3430 560 3531 gavit
611 3428 967 3505 inimicos,
1065 3426 1470 3506 Simultates
1515 3428 1745 3503 nimio
1782 3432 2017 3526 plures
2042 3433 2113 3505 ὅτ
2138 3454 2336 3507 exer·

365 3572 667 3629 cuemnt
693 3574 888 3637 eum,
914 3554 981 3625 ac
1010 3547 1154 3647 ipse
1179 3548 1496 3625 exercuit
1523 3575 1659 3625 eas.
1759 3547 2150 3641 Necfacile
2176 3549 2337 3625 dix-

365 3670 524 3759 eris,
580 3690 826 3745 utrum
869 3668 1096 3768 magis
1148 3668 1454 3766 prefl'erit
1493 3696 1665 3747 eum
1696 3668 2061 3759 nobilitas,
2094 3694 2184 3745 an
2214 3669 2335 3744 ille

365 3789 731 3891 agitaverit
762 3788 1232 3866 nobilitatem.
1331 3788 1581 3887 Asperi
1630 3792 1879 3887 procul
1924 3788 2153 3865 dubio
2184 3790 2337 3865 ani-

361 3911 494 3999 mi,
545 3912 626 3983 ὅτ
685 3909 972 4007 linguae
1015 3912 1332 3996 acerbae,
1374 3908 1835 3985 &inmodice
1868 3909 2126 3987 liberae
2160 3906 2331 3985 suite

365 4029 482 4107 sed
515 4028 766 4109 invicti
793 4056 836 4103 a
861 4028 1378 4127 cupiditatibus
1409 4027 1657 4117 animi,
1712 4033 1783 4105 &
1820 4027 2089 4129 rigidae
2120 4026 2337 4105 inno-

363 4150 638 4230 tentiae
654 4180 684 4243 3
737 4170 1136 4228 contemtor
1159 4147 1444 4249 gratiae,
1481 4147 1918 4228 divitiarum.
2018 4152 2103 4227 In
2128 4150 2331 4247 parfi-
