3100 5359
813 744 906 825 50
1469 728 2098 801 T.L1v11

816 894 1020 995 rique
1073 892 1399 984 inermes,
1471 922 1563 971 ex
1616 896 1884 995 proelio
1942 896 2227 973 adverso
2296 896 2468 998 fuga
2530 893 2774 984 delati,

817 1042 950 1091 nec
983 1014 1272 1102 virium,
1327 1042 1456 1091 nec
1501 1016 1723 1091 animi
1767 1016 1923 1093 satis
1974 1019 2067 1093 ad
2118 1017 2555 1093 obfidionem
2600 1018 2774 1091 tole-

815 1136 1106 1209 randam
1139 1136 1518 1209 habebant.
1614 1138 1863 1235 Itaque
1910 1136 2285 1235 praemissis
2324 1164 2369 1211 a
2410 1137 2772 1239 Philippo,

816 1254 946 1355 qui
974 1254 1168 1352 spem
1203 1253 1661 1353 impetrabilis
1688 1256 1931 1333 veniae
1962 1257 2447 1347 ostendebant,
2498 1257 2777 1358 respon-

817 1379 1101 1463 derunt,
1154 1396 1386 1473 patere
1435 1396 1669 1474 portas
1711 1375 1883 1476 regi.
1982 1378 2109 1452 Ad
2140 1376 2457 1477 primum
2489 1380 2635 1479 ejus
2665 1378 2777 1453 in-

815 1499 1118 1597 gressum
1152 1495 1562 1595 principum
1589 1496 1888 1596 quidam
1914 1500 2090 1573 urbe
2116 1500 2586 1574 excesserunt:
2626 1501 2775 1573 Eu-

809 1619 1144 1715 rylochus
1177 1638 1479 1692 mortem
1513 1616 1637 1692 fibi
1672 1616 2032 1692 conscivit.
2135 1617 2482 1693 Antiochi
2517 1617 2776 1693 milites

822 1742 942 1836 (fic
968 1736 1162 1812 enim
1196 1736 1382 1834 pacti
1417 1738 1641 1829 erant)
1678 1763 1802 1833 per
1835 1736 2343 1813 Macedoniam
2364 1737 2777 1813 Thraciam-

817 1885 986 1957 que,
1049 1856 1633 1955 prosequentibus
1684 1856 2238 1947 Macedonibus,
2302 1884 2390 1932 ne
2446 1857 2610 1955 quis
2660 1883 2781 1931 eos

814 1976 1130 2066 violaret,
1193 1976 1713 2075 Lyfimachiam
1774 1970 2069 2052 deducti
2129 1976 2313 2052 sunt.
2430 1979 2651 2052 Erant
2702 1977 2781 2049 δι

812 2124 1078 2198 paucae
1125 2122 1331 2171 naves
1375 2095 1861 2185 Demetriade,
1915 2096 2181 2195 quibus
2226 2118 2533 2195 praeerat
2565 2098 2780 2171 Ifido-

813 2244 964 2293 rus:
1017 2242 1137 2293 eae
1171 2240 1464 2315 quoque
1497 2242 1668 2291 cum
1702 2216 2053 2314 praefecto
2086 2216 2211 2293 suo
2246 2216 2561 2291 dimifl'ae
2593 2216 2783 2291 sunt.

814 2340 994 2413 Inde
1043 2335 1456 2434 Dolopiam,
1520 2340 1590 2410 ὅτ
1645 2335 2133 2435 Aperantiam,
2196 2340 2263 2410 δι
2319 2337 2781 2413 Perrhaebiae

813 2456 1156 2554 quasdam
1190 2455 1505 2531 civitates
1539 2455 1822 2554 recepit.

915 2578 1273 2653 XXXIV.
1376 2578 1580 2651 Dum
1616 2578 1789 2657 haec
1826 2602 1867 2649 a
1892 2574 2231 2675 Philippo
2264 2599 2632 2677 geruntur,
2684 2581 2784 2653 T.

815 2692 1230 2798 QinffiuS,
1265 2715 1542 2793 recepta
1577 2697 1951 2793 Zacyntho
1976 2700 2065 2771 ab
2094 2699 2417 2772 Achaico
2448 2697 2785 2787 concili0,

817 2816 1276 2913 Naupactum
1329 2814 1595 2910 trajecit
1613 2847 1637 2902 3
1692 2840 1873 2912 quae
1916 2816 2068 2911 jam
2114 2841 2239 2913 per
2286 2817 2469 2891 duos
2514 2817 2785 2893 menses

824 2934 974 3034 (sed
1023 2959 1242 3031 prope
1290 2932 1661 3008 excidium
1714 2937 1886 3030 erat)
1946 2938 2519 3036 obpugnabatur,
2584 2943 2682 3025 δι,
2734 2940 2785 3011 fi

819 3076 1022 3154 capta
1069 3052 1143 3127 vi
1191 3052 1398 3141 foret,
1461 3080 1675 3128 omne
1730 3053 1832 3130 ibi
1892 3080 2157 3133 nomen
2211 3059 2635 3135 Aetolorum
2686 3061 2787 3133 ad

818 3171 1374 3249 internecionem
1456 3172 1829 3249 videbatur
1914 3196 2317 3251 venturum.
2418 3178 2787 3266 Ceterum,

817 3318 1262 3394 quamquam
1297 3291 1552 3368 merito
1596 3293 1807 3369 iratus
1838 3316 1983 3370 erat
2016 3296 2318 3385 Aetolis,
2370 3299 2572 3396 quod
2605 3298 2788 3372 solos

819 3414 1224 3489 obtrectasse
1258 3413 1519 3513 gloriae
1545 3412 1733 3502 suae,
1770 3440 2001 3512 quum
2033 3416 2355 3491 liberaret
2378 3416 2787 3507 Graeciam,

817 3532 1259 3621 meminerat,
1271 3534 1347 3605 δε
1359 3532 1538 3607 nihil
1558 3532 1965 3609 auetoritate
1977 3535 2097 3609 sua
2113 3556 2345 3613 motos
2364 3539 2522 3626 effe,
2538 3562 2805 3635 quum,

821 3680 1001 3755 quae
1036 3676 1192 3729 tum
1227 3652 1538 3728 maxime
1572 3652 1996 3743 acciderant,
2031 3654 2265 3731 casura
2288 3682 2784 3754 praemonenS,

822 3801 865 3850 a
891 3772 1152 3849 furioso
1185 3772 1470 3871 incepto
1501 3800 1621 3847 eos
1649 3774 2068 3862 deterreret,
2120 3794 2384 3865 tamen,
2422 3776 2526 3851 sui
2558 3778 2787 3852 maxi-

823 3918 940 3969 me
973 3893 1200 3993 operis
1234 3896 1366 3968 effe
1400 3894 1717 3982 credens,
1770 3894 2039 3968 nullam
2074 3915 2363 3994 gentem
2392 3896 2717 3973 liberatae
2748 3926 2793 3975 a

823 4014 890 4090 se
925 4014 1258 4090 Graeciae
1293 4013 1619 4089 funditus
1648 4012 1891 4102 everti,
1924 4016 2382 4090 obambulare
2416 4016 2665 4104 muris,
2700 4042 2791 4093 ut

824 4132 1028 4209 facile
1055 4133 1451 4208 nosceretur
1475 4136 1567 4208 ab
1601 4132 1903 4223 Aetolis,
1954 4133 2214 4233 coepit.
2315 4134 2707 4213 Confestim
2742 4164 2791 4213 a
