3100 5359
780 744 931 821 394
1478 717 2112 793 T.L1v11

775 888 1103 967 relietum
1128 907 1273 963 erat
1300 885 1748 987 praesidium.
1843 892 2050 989 Qios
2083 912 2316 985 quum
2341 893 2412 963 δε
2436 888 2752 989 paucitas

770 1009 917 1099 sua,
950 1012 1019 1085 δι
1042 1008 1435 1084 multitudo
1454 1008 1794 1097 hostium,
1841 1012 1912 1083 &
1951 1006 2302 1108 inprovisa
2331 1033 2435 1083 res
2474 1010 2746 1084 terruis-

776 1127 901 1218 set,
936 1152 1159 1227 prope
1192 1130 1330 1203 fine
1354 1127 1736 1204 certamine
1759 1128 2140 1228 capiuntur
2154 1130 2403 1206 castra.
2465 1130 2748 1217 CastriS,

772 1274 957 1347 quae
987 1272 1143 1347 pars
1180 1246 1491 1323 maxime
1511 1274 1555 1323 a
1585 1247 2071 1349 pugnantibus
2105 1248 2418 1349 conspici
2447 1269 2746 1349 poterat,

772 1366 1015 1467 injecit
1038 1366 1313 1443 Acilius
1344 1368 1612 1467 ignem.

866 1489 1187 1563 XXXII.
1288 1487 1632 1563 Postremi
1671 1486 2221 1579 Celtiberorum,
2274 1488 2402 1588 qui
2461 1488 2542 1563 in
2595 1486 2743 1564 acie

768 1628 989 1697 erant,
1039 1606 1254 1706 primi
1310 1610 1678 1683 flammam
1736 1608 2179 1708 conspexere.
2281 1608 2572 1685 Deinde
2623 1636 2744 1709 per

765 1749 991 1806 totam
1038 1726 1269 1804 aciem
1318 1729 1690 1829 vulgatum
1739 1728 1867 1818 est,
1917 1728 2132 1813 castra
2176 1728 2419 1804 amifl'a
2459 1727 2624 1818 effe,
2673 1734 2740 1804 ὅτ

765 1868 927 1925 tum
945 1875 1117 1925 cum
1150 1848 1462 1927 maxime
1490 1850 1755 1925 ardere.
1855 1850 2078 1924 Unde
2111 1846 2249 1923 illis
2277 1868 2520 1939 terror,
2573 1849 2736 1925 inde

764 1967 1117 2050 Romanis
1134 1971 1417 2047 animus
1449 1968 1696 2045 crevit.
1793 1970 1960 2065 Jam
1986 1970 2252 2045 clamor
2273 1967 2568 2045 suorum
2585 1968 2734 2044 vin-

762 2088 1083 2167 centium
1130 2088 1530 2178 accidebat,
1581 2090 1733 2187 jam
1781 2088 2100 2165 ardentia
2147 2089 2464 2166 hostium
2529 2090 2740 2165 eastra

760 2212 1215 2310 adparebant.
1325 2207 1664 2286 Celtiberi
1721 2235 2098 2310 parumper
2149 2209 2434 2286 incertis
2485 2211 2737 2288 animis

758 2328 1083 2407 fluctuati
1116 2327 1302 2405 sunt.
1398 2331 1766 2419 Ceterum,
1812 2330 2192 2430 postquam
2223 2351 2551 2429 receptus
2583 2334 2736 2431 pul-

760 2454 843 2526 fis
866 2452 1105 2526 nullus
1137 2468 1307 2536 erat,
1336 2474 1469 2525 nec
1500 2446 1831 2549 usquam,
1865 2449 1992 2525 nifi
2013 2450 2090 2525 in
2110 2450 2523 2541 certamine,
2555 2451 2734 2551 spes,

757 2567 1188 2671 pertinacius
1240 2570 1332 2644 de
1386 2566 1665 2668 integro
1707 2568 2072 2669 capefl'unt
2114 2596 2454 2671 pugnam.
2557 2574 2739 2651 Acie

754 2688 993 2767 media
1022 2690 1514 2788 urguebantur
1544 2688 1792 2765 acriter
1815 2716 1858 2764 a
1888 2686 2146 2789 quinta
2174 2690 2482 2790 legione.
2581 2693 2738 2767 Ad-

752 2807 987 2885 versus
1010 2809 1297 2887 laevum
1329 2833 1581 2898 cornu,
1609 2806 1688 2885 in
1719 2834 1874 2908 quo
1899 2809 2002 2885 sui
2038 2810 2312 2911 generis
2337 2810 2735 2909 provincia-

754 2931 849 3008 lia
891 2928 1159 3008 auxilia
1208 2926 1608 3007 instruxiffe
1659 2931 2030 3007 Romanos
2083 2934 2493 3022 cernebant,
2563 2958 2734 3008 cum

756 3052 1016 3149 majore
1066 3048 1339 3129 fiducia
1372 3048 1768 3134 intulerunt
1799 3052 2012 3149 signa.
2114 3052 2280 3146 Jam
2311 3078 2534 3152 prope
2561 3074 2731 3143 erat,

750 3194 837 3253 ut
866 3169 1215 3260 finistrum
1242 3194 1463 3245 cornu
1496 3171 1874 3270 pelleretur
1901 3170 2279 3262 Romanis,
2325 3170 2408 3273 ni
2436 3169 2730 3271 septima

749 3292 940 3393 legio
991 3290 1421 3367 succeffiffet.
1518 3288 1750 3369 Simul
1791 3292 1886 3367 ab
1920 3289 2192 3389 oppido
2227 3294 2550 3382 Aebura,
2597 3294 2726 3393 qui

749 3414 829 3489 in
872 3410 1211 3511 praefidio
1254 3406 1479 3486 relicti
1512 3429 1733 3498 erant,
1785 3407 1860 3489 in
1893 3409 2140 3493 medio
2173 3412 2420 3487 ardore
2446 3438 2726 3513 pugnae

750 3534 1216 3618 advenerunt,
1246 3532 1315 3604 &
1350 3528 1634 3605 Acilius
1667 3531 1758 3607 ab
1784 3550 1986 3630 tergo
2014 3550 2182 3605 erat.
2283 3530 2436 3608 Diu
2470 3530 2550 3608 in
2577 3558 2722 3609 me,

749 3654 877 3729 dio
908 3652 1079 3727 caefi
1104 3646 1469 3731 Celtiberi.
1567 3647 1718 3749 Qi
1744 3648 2168 3748 supererant.
2193 3650 2272 3727 in
2295 3678 2543 3729 omnes
2575 3652 2722 3753 pas÷

748 3777 875 3853 fim
907 3792 1135 3870 partes
1160 3769 1521 3865 capeffunt
1552 3766 1823 3867 fugam.
1926 3770 2253 3869 Equites,
2289 3770 2618 3871 bipartito
2647 3773 2722 3851 in

747 3920 866 3983 eos
898 3890 1146 3978 emisti,
1196 3914 1530 3987 magnam
1565 3889 1858 3964 caedem
1890 3890 2204 3966 edidere.
2301 3893 2429 3967 Ad
2459 3892 2717 3993 viginti

744 4015 877 4093 tria
896 4010 1121 4093 millia
1136 4008 1447 4091 hostium
1466 4034 1556 4083 eo
1573 4007 1693 4083 die
1712 4009 1936 4085 caesa:
1959 4032 2160 4109 capta
2178 4032 2482 4111 quatuor
2501 4012 2724 4093 millia

746 4142 815 4215 ὅτ
839 4128 1290 4239 septingenti,
1342 4154 1514 4221 cum
1540 4126 1746 4231 equis
1766 4130 1929 4229 plus
1955 4128 2396 4232 quingentis,
2429 4136 2499 4211 &
2531 4136 2723 4235 figna
