3100 5359
747 746 890 823 272
1416 716 2049 796 T.L1v11

741 894 839 970 lia
871 894 1046 971 aeris
1086 893 1482 995 quaestores
1515 892 1769 969 urbani
1805 918 1975 969 cum
2014 895 2157 968 fide
2190 893 2267 967 δε
2298 914 2469 969 cura
2498 894 2729 971 solve-

736 1039 929 1093 runt.
1023 1014 1160 1091 Per
1196 1014 1392 1089 idem
1438 1036 1721 1113 tempus
1777 1014 2047 1091 tribuni
2088 1012 2402 1090 militum
2446 1018 2597 1091 duo
2630 1037 2735 1092 ex

739 1140 1022 1213 duabus
1043 1134 1412 1236 Hispaniis
1444 1160 1617 1211 cum
1644 1134 1859 1211 literis
1892 1138 1979 1213 C.
2006 1134 2241 1211 Atinii
2276 1142 2343 1211 81
2376 1140 2471 1212 L.
2499 1140 2729 1213 Man-

745 1257 852 1347 lii,
887 1256 1018 1356 qui
1043 1282 1156 1332 eas
1187 1255 1589 1355 provincias
1620 1255 2065 1345 obtinebant,
2128 1280 2497 1333 venerunt.
2600 1262 2731 1333 Ex

744 1377 833 1453 iis
883 1376 1100 1453 literis
1153 1376 1529 1477 cognitum
1582 1376 1710 1465 est,
1772 1376 2164 1455 Celtiberos
2204 1377 2729 1476 Lufitanosque

741 1497 820 1573 in
867 1496 1080 1573 armis
1111 1498 1280 1587 effe,
1313 1502 1384 1573 &
1417 1494 1771 1573 sociorum
1798 1522 2001 1597 agros
2046 1496 2391 1597 populari.
2492 1500 2609 1573 De
2636 1524 2733 1573 ea

743 1644 816 1694 re
845 1616 1436 1693 consultationem
1481 1617 1831 1718 integram
1873 1617 2149 1693 senatus
2182 1619 2276 1693 ad
2302 1642 2537 1692 novos
2566 1642 2725 1693 ma-

741 1737 1064 1837 gistratus
1095 1738 1354 1837 rejecit.
1451 1739 1691 1815 Ludis
1736 1739 2087 1815 Romanis
2123 1764 2210 1815 eo
2260 1764 2475 1827 anno,
2536 1764 2733 1839 quos

745 1862 828 1965 P.
856 1860 1230 1935 Cornelius
1263 1862 1655 1960 Cethegus,
1708 1865 1802 1934 A.
1839 1858 2247 1934 Postumius
2269 1860 2581 1935 Albinus
2616 1859 2729 1935 fa·

743 1978 1055 2069 ciebant,
1123 1983 1351 2055 malus
1395 1980 1472 2055 in
1523 1980 1720 2056 circo
1754 1978 2091 2057 instabilis
2128 1980 2207 2055 in
2238 1984 2515 2081 fignum
2550 1983 2725 2057 Pol-

741 2098 996 2175 lentiae
1046 2101 1382 2200 procidit,
1433 2122 1651 2199 atque
1706 2100 1785 2175 id
1835 2100 2116 2197 dejecit.
2222 2102 2329 2176 Ea
2372 2100 2725 2201 religione

741 2221 922 2296 moti
957 2224 1221 2311 Patres,
1251 2222 1327 2295 δι
1353 2220 1552 2297 diem
1586 2246 1819 2297 unum
1850 2220 2337 2319 adjiciendum
2368 2224 2723 2299 ludorum

741 2341 1132 2417 celebritati
1166 2341 1614 2432 censuerunt,
1651 2342 1723 2413 δι
1756 2342 1950 2442 signa
1981 2344 2133 2417 duo
2164 2368 2295 2441 pro
2326 2367 2479 2417 uno
2510 2368 2719 2443 repo-

739 2465 1001 2554 nenda,
1029 2464 1104 2537 &
1132 2488 1403 2539 novum
1433 2484 1761 2537 auratum
1794 2461 2231 2540 faciendum.
2334 2466 2431 2537 Et
2450 2465 2713 2563 plebeji

739 2585 896 2659 ludi
915 2587 1006 2661 ab
1038 2584 1388 2661 aedilibus
1409 2586 1495 2660 C.
1526 2583 1947 2683 Sempronio
1968 2582 2207 2657 Blaeso
2230 2587 2301 2659 δι
2336 2586 2455 2659 Μ.
2492 2586 2721 2661 Furio

742 2703 983 2781 Lusco
1010 2704 1208 2780 diem
1241 2731 1477 2780 unum
1510 2703 1869 2781 instaurati
1898 2703 2080 2779 sunt.
2326 2738 2329 2743 ·

839 2826 1042 2900 VIII.
1141 2825 1526 2925 Insequens
1575 2851 1803 2899 annus
1855 2828 1975 2923 Sp.
2014 2824 2467 2901 Postumium
2502 2826 2715 2901 Albi-

739 2970 919 3019 num
951 2948 1028 3019 ez
1061 2946 1561 3048 QMarcium
1594 2943 2013 3044 Philippum
2044 2943 2361 3020 consules
2388 2948 2483 3020 ab
2516 2966 2717 3021 exer-

740 3066 888 3142 citu
919 3068 1416 3165 bellorumque
1449 3070 1518 3141 &
1554 3063 2081 3164 provinciarum
2116 3088 2287 3140 cura
2316 3067 2410 3140 ad
2446 3066 2715 3142 intesti-

740 3213 870 3262 nae
943 3185 1444 3286 conjurationis
1503 3183 1897 3260 vindictam
1965 3184 2235 3261 avertit.
2352 3190 2717 3265 Praetores

737 3306 1140 3405 provincias
1180 3304 1400 3383 sortiti
1445 3305 1633 3395 sunt,
1682 3309 1776 3380 T.
1814 3305 2153 3380 Maenius
2182 3310 2553 3397 urbanam,
2588 3310 2713 3385 M.

743 3428 1080 3505 Licinius
1131 3427 1490 3503 Lucullus
1547 3426 1730 3501 inter
1770 3425 1959 3501 cives
2004 3428 2081 3500 δι
2132 3426 2564 3527 peregrinos,
2618 3432 2715 3505 C.

739 3550 1080 3633 Aurelius
1103 3547 1408 3623 Scaurus
1430 3545 1851 3636 Sardiniam,
1883 3551 1965 3622 P.
1988 3546 2361 3622 Cornelius
2384 3550 2579 3623 Sulla
2602 3552 2719 3627 Si-

738 3673 1005 3761 ciliam,
1033 3672 1129 3746 L.
1160 3666 1552 3772 Qindius
1586 3664 1949 3765 Crispinus
1980 3666 2401 3766 Hispaniam
2428 3668 2719 3747 citerio-

739 3820 918 3882 rem,
969 3794 1058 3868 C.
1103 3788 1534 3891 Calpurnius
1584 3786 1746 3863 Piso
1799 3787 2221 3888 Hispaniam
2276 3790 2714 3869 ulteriorem.

739 3909 1174 3991 Consulibus
1195 3912 1548 3987 ambobus
1572 3907 1892 4009 quaestio
1920 3906 2011 3984 de
2044 3911 2492 3988 clandestinis
2534 3940 2713 3989 con·

726 4030 1208 4135 jurationibus
1274 4031 1557 4107 decreta
1614 4030 1737 4105 est.
1852 4030 2167 4107 Graccus
2226 4031 2562 4133 ignobilis
2628 4036 2711 4111 in

645 4180 651 4189 ·
741 4152 1100 4233 Etruriam
1141 4150 1458 4252 primum
1509 4150 1709 4227 venit
1760 4153 1963 4227 nulla
2010 4178 2181 4229 cum
2231 4176 2377 4231 arte
2404 4180 2707 4245 earum,
