3100 5359
754 756 902 849 406
1424 742 2054 855 T.·L1v11

759 936 811 974 ‘⁶
848 928 940 1003 de
970 924 1281 1001 hostium
1315 922 1616 1024 gladios,
1653 928 1724 997 δε
1757 920 2112 998 manantia
2129 917 2468 1021 sanguine
2491 912 2734 1018 spolia,

763 1058 815 1093 “
852 1050 1171 1123 Romam
1210 1046 1305 1121 ad
1346 1042 1796 1144 triumphum
1829 1042 2246 1117 delaturos.”
2345 1038 2554 1113 Plura
2583 1036 2736 1113 diei

764 1188 1045 1267 tempus
1092 1160 1238 1241 non
1268 1161 1688 1265 patiebatur.
1784 1164 2223 1238 Invehebant
2252 1157 2322 1235 se
2347 1158 2608 1247 hostes,
2656 1159 2737 1231 δε

762 1286 841 1362 in
896 1284 1211 1386 partibus
1276 1282 1611 1360 extremis
1659 1284 1810 1380 jam
1870 1284 2347 1384 pugnabatur.
2445 1277 2737 1355 Deinde

762 1405 948 1483 acies
973 1424 1502 1482 concurrerunt.

862 1526 1033 1601 XL.
1134 1526 1365 1600 Atrox
1388 1523 1666 1623 ubique
1693 1522 2071 1622 proelium,
2093 1521 2212 1597 sed
2235 1520 2428 1598 varia
2451 1520 2744 1597 fortuna

764 1667 930 1723 erat.
1032 1644 1337 1745 Egregie
1398 1644 1740 1744 legiones,
1810 1670 1942 1719 nec
2003 1642 2282 1744 segnius
2340 1643 2526 1717 duae
2591 1644 2740 1716 alae

763 1768 1217 1866 pugnabant,
1288 1785 1575 1839 externa
1620 1762 1887 1837 auxilia
1948 1767 2041 1839 ab
2097 1762 2301 1839 fimili
2363 1782 2740 1851 armatura,

770 1884 1061 1963 meliore
1093 1884 1538 1985 aliquantum
1573 1882 1888 1957 militum
1911 1908 2192 1982 genere,
2225 1885 2740 1982 urguebantur,

771 2034 905 2083 nec
940 2008 1183 2081 locum
1216 2006 1396 2079 tueri
1429 2022 1769 2102 poterant.
1870 2001 2237 2091 Celtiberi,
2269 2002 2402 2077 ubi
2424 2002 2744 2077 ordinata

768 2125 921 2203 acie
974 2130 1042 2200 &
1088 2123 1295 2224 lignis
1328 2121 1623 2198 conlatis
1658 2120 1723 2197 se
1758 2148 1902 2197 non
1939 2124 2072 2197 effe
2105 2146 2300 2221 pares
2333 2122 2742 2222 legionibus

770 2245 1151 2331 senserunt,
1179 2270 1410 2319 cuneo
1430 2242 1921 2340 inpreffionem
1947 2241 2288 2318 fecerunt.
2385 2248 2560 2345 Qo
2593 2262 2745 2317 tan-

774 2388 935 2443 tum
980 2365 1215 2440 valent
1258 2390 1509 2464 genere
1539 2389 1850 2463 pugnae,
1901 2384 2011 2452 ut,
2062 2388 2522 2463 quacumque
2552 2386 2744 2462 parte

772 2487 1131 2587 perculere
1184 2482 1431 2581 inpetu
1489 2482 1644 2571 su0,
1694 2482 2012 2559 sustineri
2045 2506 2422 2584 nequeant.
2523 2489 2742 2563 Tunc

776 2602 1071 2704 quoque
1127 2607 1443 2678 turbatae
1494 2602 1808 2703 legiones
1863 2603 2049 2693 sunt,
2102 2630 2318 2704 prope
2357 2605 2748 2708 interrupta

772 2722 981 2799 acies.
1030 2727 1273 2824 Qam
1302 2721 1846 2822 trepidationem
1870 2722 1998 2798 ubi
2031 2726 2324 2800 Flaccus
2351 2724 2742 2824 conspexit,

768 2870 971 2943 equo
1002 2841 1377 2917 advehitur
1408 2844 1500 2917 ad
1534 2842 1955 2943 legionarios
1988 2843 2263 2943 equites
2291 2874 2310 2918 x
2363 2848 2460 2933 &,
2513 2856 2566 2891 “
2605 2850 2745 2922 Ee-

780 2975 831 3010 “
870 2963 1052 3062 quid
1102 2960 1353 3037 auxilii
1398 2960 1476 3039 in
1518 2962 1724 3037 vobis
1756 2962 1908 3037 est?
2013 2966 2280 3042 Aftum
2299 2966 2452 3061 jam
2486 2968 2579 3041 de
2609 2970 2746 3043 hoc

780 3094 834 3129 ‘⁴
871 3082 1185 3159 exercitu
1246 3081 1377 3157 erit
1402 3084 1478 3156 ?’'
1526 3107 1762 3182 quum
1822 3083 2151 3183 undique
2230 3085 2744 3176 adclamarent,

770 3215 835 3249 “⁶
871 3203 1052 3303 quin
1104 3204 1367 3291 ederet,
1418 3200 1602 3301 quid
1642 3202 1794 3278 fieri
1841 3202 2058 3292 velit3
2111 3229 2256 3279 non
2280 3203 2580 3305 segniter
2611 3209 2744 3283 im-

784 3334 837 3369 “
873 3322 1155 3423 perium
1172 3319 1641 3399 exsecuturos.
1709 3322 2093 3421 Duplicate
2125 3324 2460 3414 turmas?
2484 3326 2748 3426 inquit,

784 3452 837 3487 “
873 3444 1177 3521 duarum
1208 3440 1579 3542 legionum
1622 3441 1924 3541 equites,
1975 3446 2044 3517 &
2095 3444 2476 3542 permittite
2527 3472 2749 3546 equos

788 3572 839 3607 “
878 3560 952 3635 in
1004 3588 1319 3639 cuneum
1362 3560 1704 3652 hostium,
1755 3589 1904 3662 quo
1936 3563 2202 3638 nostros
2235 3585 2564 3664 urguent.
2661 3566 2749 3642 Id

790 3691 842 3726 “
880 3706 1051 3757 cum
1080 3681 1339 3777 majore
1369 3682 1442 3755 vi
1472 3708 1824 3781 equorum
1857 3681 2152 3773 facietis,
2203 3687 2248 3758 fi
2281 3686 2647 3762 effrenatos
2673 3687 2748 3762 in

788 3812 842 3848 ‘⁴
878 3827 997 3877 eos
1016 3827 1238 3902 equos
1262 3801 1660 3878 inmittitis:
1695 3804 1896 3902 quod
1922 3802 2120 3902 saepe
2153 3806 2522 3880 Romanos
2545 3805 2749 3907 equi-

792 3933 847 3969 “
881 3945 983 3999 tes
1004 3948 1175 3999 curn
1208 3948 1468 4022 magna
1492 3924 1703 3997 laude
1737 3922 1966 3997 feciffe
1987 3922 2132 4013 sua,
2185 3924 2562 4001 memoriae
2589 3953 2750 4027 pro·

793 4054 845 4089 ‘⁶
881 4043 1117 4119 ditum
1151 4042 1317 4119 est.''
1413 4041 1635 4119 Dicto
1665 4063 2074 4142 paruerunt,
2123 4043 2586 4145 detraCtisque
2617 4046 2750 4122 fre-

796 4162 907 4240 nis
938 4161 1047 4241 bis
1078 4164 1267 4241 ultro
1296 4163 1619 4263 citroque
1645 4188 1816 4239 cum
1843 4188 2101 4264 magna
2141 4162 2362 4267 strage
2413 4166 2750 4257 hostium,
