3100 5359
904 746 979 819 L
1030 770 1059 818 1
1118 770 1159 819 B
1217 770 1260 819 E
1318 770 1365 819 R
1467 746 1856 821 XXXVII.
2185 774 2314 847 113

342 919 751 992 vulneratae
773 916 1064 1016 aliquot.
1163 918 1455 994 Rhodia
1480 946 1626 994 una
1647 942 1848 1019 capta
1874 920 2313 996 memorabili

344 1036 538 1111 casn.
639 1039 860 1125 Nam,
915 1062 1145 1135 quum
1197 1038 1411 1113 rostro
1469 1043 1886 1137 percufliffet
1943 1038 2309 1114 Sidoniam

344 1180 633 1242 navem,
668 1180 948 1244 ancora,
984 1156 1129 1231 ictu
1162 1156 1311 1255 ipso
1346 1162 1626 1233 excuffa
1659 1186 1697 1233 e
1733 1186 1906 1233 nave
1939 1158 2083 1247 sua,
2119 1184 2312 1233 unco

344 1277 595 1363 dente,
628 1277 827 1349 velut
858 1302 1076 1349 manu
1124 1275 1352 1350 ferrea·
1372 1277 1648 1373 injeeta,
1714 1278 2052 1377 adligavit
2085 1278 2312 1352 alteri-

347 1422 443 1470 us
493 1420 816 1493 proram:
879 1394 1047 1469 inde
1092 1398 1407 1471 tumultu
1444 1396 1725 1493 injectO,
1767 1424 2020 1495 quum,
2087 1396 2309 1471 divel-

342 1516 488 1587 lere
546 1512 614 1588 se
676 1518 767 1589 ab
830 1513 1023 1587 hoste
1076 1515 1463 1613 cupienteS,
1551 1516 1949 1590 inhiberent
2005 1516 2310 1605 Rhodii,

340 1636 649 1707 tractum
670 1636 985 1708 ancorale
1008 1639 1075 1708 ὅτ
1098 1633 1502 1732 inplicitum
1523 1636 1767 1724 remiS,
1802 1638 1977 1709 latus
2014 1638 2311 1709 alterum

346 1753 671 1827 deterfitz
720 1753 1157 1828 debilitatam
1194 1780 1276 1827 ea
1302 1753 1471 1851 ipsa,
1507 1780 1688 1853 quae
1723 1753 1861 1829 ieta
1893 1755 2308 1843 cohaeserat,

340 1872 588 1945 navim
622 1872 835 1971 cepit.
934 1875 1107 1947 Hoc
1134 1873 1444 1946 maxime
1466 1875 1687 1948 modo
1706 1875 1794 1947 ad
1823 1873 2308 1972 Myonnesum

341 1989 577 2065 navali
612 1991 883 2089 proelio
915 2014 1313 2091 pugnatum
1336 1993 1456 2067 est.

447 2112 735 2186 XXXI.
835 2116 1006 2212 Qo
1039 2111 1316 2186 territus
1336 2113 1767 2199 Antiochus»,
1831 2113 2027 2210 quia,
2062 2114 2308 2210 posses-

344 2234 539 2305 fione
590 2229 799 2303 maris
851 2230 1115 2327 pulsus,
1171 2231 1566 2329 longinqua
1618 2230 1792 2303 tueri
1848 2230 2213 2305 diffidebat
2244 2232 2310 2305 se

338 2352 569 2447 pofl'e,
604 2348 1025 2447 praefidium
1058 2353 1147 2424 ab
1180 2349 1651 2448 Lyfimachia,
1687 2376 1776 2423 ne
1803 2350 2313 2446 obprimeretur

336 2467 449 2543 ibi
482 2471 573 2542 ab
608 2467 982 2555 Romanis,
1018 2468 1281 2542 deduci
1312 2494 1568 2566 pram,
1620 2489 1705 2541 ut
1743 2494 1846 2541 res
1881 2467 2024 2564 ipsa
2075 2468 2312 2565 postea

338 2586 623 2675 docuit,
658 2586 945 2662 confilio
964 2588 1177 2683 juffit.
1279 2590 1453 2660 Non
1477 2585 1670 2660 enirn
1693 2586 1876 2660 tueri
1909 2585 2136 2660 solum
2159 2588 2308 2684 Ly·
2331 2614 2336 2619 ·

336 2706 746 2781 fimachiarn
767 2732 811 2778 a
839 2704 1069 2803 primo
1092 2706 1337 2803 inpetu
1372 2708 1868 2779 Romanorum
1896 2704 2100 2780 facile
2131 2726 2306 2779 erata

338 2824 465 2899 sed
498 2824 937 2899 obfidionem
973 2822 1185 2897 etiam
1218 2849 1343 2921 per
1386 2843 1608 2899 totam
1651 2826 1960 2899 hiemem
1993 2826 2306 2913 tolerare,

340 2948 417 3019 δτ
452 2946 855 3019 obfidentes
886 2966 1179 3041 quoque
1231 2944 1325 3017 ad
1356 2943 1684 3019 ultimam
1733 2944 2048 3043 inopiam
2081 2946 2309 3018 addu-

336 3086 501 3137 cere
553 3063 989 3137 extrahendo
1042 3083 1350 3161 tempus,
1405 3067 1474 3138 ὅτ
1528 3064 1812 3137 interim
1869 3064 2062 3161 spem
2115 3063 2310 3160 pacis

334 3206 471 3278 per
494 3184 887 3256 occasiones
912 3202 1197 3256 tentare.
1296 3185 1457 3257 Nec
1492 3182 2009 3281 Lysimachiam
2029 3203 2308 3257 tantum

336 3300 667 3377 hostibus
698 3300 991 3375 tradidit
1020 3302 1177 3399 post
1209 3300 1566 3376 adversam
1599 3304 1917 3376 navalem
1948 3328 2296 3400 pugnam,

336 3419 463 3495 sed
496 3420 712 3494 etiam
757 3420 1197 3517 Colophonis
1258 3419 1620 3495 obfidione
1664 3420 1996 3508 absceffit,
2050 3423 2127 3494 ὅτ,
2156 3422 2307 3496 Sar-

342 3540 473 3613 des
508 3539 777 3637 recepit
803 3538 911 3613 se:
946 3560 1161 3637 atque
1196 3538 1361 3613 inde
1383 3538 1461 3612 in
1485 3539 2012 3638 Cappadociam
2033 3542 2123 3615 ad
2145 3540 2308 3617 Ari-

334 3660 657 3746 arathen,
717 3658 848 3757 qui
886 3658 1149 3732 auxilia
1211 3660 1646 3746 arcefl‘etent‚
1713 3663 1782 3733 &
1842 3684 2306 3756 quocumque

346 3778 491 3853 alio
557 3797 833 3876 poterat
902 3779 994 3852 ad
1049 3778 1284 3877 copias
1348 3778 1880 3864 contrahendas,
1939 3776 2016 3849 in
2079 3802 2312 3852 unum

328 3898 483 3992 jam
516 3896 914 3985 confilium,
958 3918 1043 3970 ut
1073 3895 1222 3971 acie
1273 3895 1666 3982 dimicaret,
1699 3894 2037 3983 intentus,
2103 3895 2309 3971 mifit.

342 4015 673 4115 Regillus
708 4014 1089 4102 Aemiliu3‚
1125 4016 1278 4113 post
1300 4012 1667 4089 victoriam
1694 4012 2007 4089 navalem
2035 4013 2304 4112 profec-

344 4154 463 4210 tus
494 4133 883 4236 Ephesum,
918 4134 1199 4210 directis
1218 4156 1377 4208 ante
1402 4156 1688 4233 portum
1717 4133 2038 4221 navibus,
2075 4158 2306 4231 quum
