3100 5359
827 707 900 779 L
951 731 978 778 1
1037 731 1078 779 B
1137 732 1182 779 E
1237 731 1286 780 R
1343 676 1819 782 'xxxan
2168 713 2303 807 169

342 877 682 970 adfertur,
739 876 1183 953 Antiochum
1213 879 1288 952 in
1325 883 1486 954 Afia
1509 880 1783 955 victum
1810 883 1901 956 ab
1935 879 2307 956 Romanis·

341 1002 510 1075 Nec
565 998 664 1074 ita
723 1001 954 1074 multo
1012 999 1168 1096 post
1197 998 1411 1098 legati
1443 1003 1534 1074 ab
1570 1001 1811 1074 Roma
1852 997 2119 1074 rediere
2170 1003 2309 1074 fine

343 1117 458 1218 spe
495 1117 712 1217 pacis,
767 1117 1254 1216 Fulviumque
1311 1117 1673 1192 consulem
1712 1117 2128 1194 nunciantes
2161 1119 2311 1215 jam

345 1265 518 1314 curn
551 1238 865 1312 exercitu
901 1237 1252 1335 trajecisse.
1323 1237 1469 1313 His
1499 1237 1745 1326 territi,
1773 1238 1967 1337 prius
1994 1243 2084 1316 ab
2104 1242 2310 1316 Rho.

344 1360 444 1434 do
475 1363 547 1434 ὅτ
585 1356 888 1433 Athenis
913 1356 1384 1456 legationibus
1417 1357 1695 1446 excitis,
1744 1377 1829 1434 ut
1854 1385 1979 1458 per
2010 1359 2311 1436 auctori*

307 1493 314 1498 ’
345 1499 564 1554 tatem
597 1476 996 1553 civitatium
1021 1503 1262 1552 earum
1282 1476 1444 1552 suae
1469 1503 1709 1577 preces
1736 1503 1963 1576 nuper
1988 1478 2313 1578 repudia·

345 1617 456 1673 tae
491 1596 883 1672 faciliorem
919 1596 1198 1672 aditum
1227 1599 1324 1672 ad
1352 1596 1667 1672 senatum
1698 1599 2063 1687 haberent,
2124 1597 2313 1697 prin-

349 1715 544 1817 cipes
575 1717 808 1817 gentis
839 1719 931 1790 ad
966 1719 1386 1792 tentandum
1413 1716 1741 1794 ultimam
1777 1717 1969 1815 spem
1998 1721 2315 1796 Romam

349 1837 720 1914 miseruntz
807 1836 1012 1927 nihil,
1099 1864 1188 1912 ne
1273 1838 1544 1912 bellum
1629 1840 1995 1925 haberent,
2090 1837 2313 1937 priuS,

345 1983 568 2056 quam
602 1983 780 2055 pene
815 1956 892 2031 in
923 1955 1300 2054 conspectu
1337 1957 1555 2032 hostis
1578 1979 1747 2046 erat,
1800 1956 2311 2055 praemeditati.

344 2081 509 2173 Jam
573 2079 688 2152 M.
743 2077 1067 2165 Fulvius,
1132 2077 1592 2174 Apolloniam
1626 2077 1943 2152 exercitu
1998 2079 2307 2173 trajecto,

347 2223 519 2272 cum
581 2195 1038 2294 Epirotarum
1091 2195 1540 2295 principibus
1596 2195 2061 2285 consultabat,
2116 2197 2313 2272 unde

349 2319 622 2392 bellum
658 2315 1020 2414 inciperet.
1123 2315 1432 2414 Epirotis
1487 2315 1947 2392 Ambraciam
1998 2317 2321 2415 placebat

349 2435 672 2536 adgredi,
708 2462 894 2533 quae
919 2457 1079 2512 tum
1111 2435 1589 2510 contribuerat
1622 2434 1687 2509 se
1719 2434 2015 2511 Aetolis.
2068 2447 2118 2480 “
2154 2435 2317 2512 Sive

354 2566 403 2602 ‘⁸
441 2558 534 2630 ad
565 2557 908 2630 tuendam
941 2582 1116 2630 eam-
1143 2554 1462 2630 venirent
1497 2555 1767 2642 Aetoli,
1826 2576 2098 2653 apertos
2130 2554 2317 2632 circa

354 2685 405 2720 “
439 2701 730 2774 campos
779 2677 872 2750 ad
925 2675 1416 2750 dimicandum
1463 2677 1633 2750 effe:
1686 2679 1819 2750 five
1855 2677 2319 2752 detrectarent

355 2805 406 2840 “
443 2815 820 2882 certamen,
880 2795 1494 2896 obpugnationem
1521 2794 1669 2870 fore
1696 2796 1888 2871 haud
1926 2795 2317 2870 difficilem.

356 2925 406 2960 “
445 2917 638 2989 Nam
673 2919 740 2990 ὅτ
771 2913 1052 3012 copiam
1087 2914 1161 2988 in
1194 2915 1603 3014 propinquo
1628 2915 1953 2990 materiae
1984 2917 2077 2990 ad
2104 2941 2315 3014 agge-

356 3046 406 3081 “
441 3061 546 3110 res
575 3033 990 3110 excitandos
1013 3039 1080 3108 &
1115 3056 1344 3109 cetera
1375 3059 1589 3134 opera
1622 3037 1757 3110 effe
1773 3068 1797 3123 3
1850 3039 1917 3110 ὅτ
1957 3038 2315 3110 Arethon-

358 3166 408 3200 “
444 3178 620 3246 tem,
643 3150 1116 3254 navigabilem
1141 3181 1454 3244 amnem,
1489 3177 1973 3254 opportunum
1997 3157 2087 3230 ad
2120 3181 2317 3230 com-
2364 3145 2371 3153 ’

359 3283 408 3318 “
441 3276 812 3373 portanda,
867 3301 1050 3372 quae
1110 3273 1270 3349 usui
1329 3279 1484 3364 fint,
1556 3299 1825 3374 praeter
1858 3275 2004 3375 ipsa
2036 3275 2319 3352 moenia

360 3405 410 3442 “
443 3397 702 3482 fluere3
755 3399 824 3468 δε
877 3394 1202 3469 aestatem
1237 3415 1475 3492 aptam
1513 3394 1613 3470 rei
1648 3397 1990 3495 gerendae
2024 3396 2319 3471 adefl'e.”

359 3514 504 3590 His
535 3513 1038 3614 persuaserunt,
1091 3535 1174 3589 ut
1203 3541 1325 3613 per
1348 3515 1651 3614 Epirum
1681 3517 1992 3591 duceret.

450 3636 584 3710 lv.
643 3633 967 3723 Consuli,
1001 3635 1094 3709 ad
1122 3634 1581 3710 Ambraciam
1610 3634 2040 3726 advenienti,
2076 3635 2317 3735 magni

357 3754 590 3855 operis
651 3753 1099 3855 obpugnatio
1149 3752 1294 3829 visa
1353 3755 1473 3829 est.
1595 3756 1979 3832 Ambracia
2035 3759 2321 3830 tumulo

359 3875 598 3974 aspero
663 3872 968 3970 subjec'ta
1027 3873 1155 3963 est,
1214 3877 1670 3949 Perranthem
1732 3876 2001 3951 incolae
2046 3898 2324 3952 vocant.

361 3997 585 4083 Urbs,
651 4018 797 4093 qua
853 4019 1098 4070 murus
1143 3992 1372 4094 vergit
1431 3993 1505 4068 in
1554 4019 1841 4094 campos
1892 3996 1966 4066 &
2024 3999 2322 4083 flumen,

362 4115 860 4204 occidentem3
911 4141 1062 4205 arar,
1115 4139 1300 4212 quae
1335 4113 1623 4214 inpolita
1674 4115 1777 4192 est
1827 4118 2136 4205 tumu10,
2188 4115 2321 4190 ori-
