3100 5359
846 662 922 734 L
976 685 1004 733 1
1068 685 1110 734 B
1165 685 1210 733 a
1266 682 1314 730 a
1407 658 1837 740 XXXVIII.
2176 657 2303 730 181

382 893 396 904 -
457 854 628 928 XII.
731 853 1006 928 Eadem
1049 879 1194 928 non
1221 852 1470 928 aestate
1504 851 1762 939 solum,
1808 849 1927 926 sed
1958 847 2171 924 etiam
2196 845 2312 922 iis-

349 971 528 1046 dem
555 995 774 1070 prope
807 970 1090 1060 diebus,
1123 972 1389 1070 quibus
1421 975 1594 1046 haec
1624 997 1667 1046 a
1700 973 1817 1047 Μ.
1850 966 2109 1044 Fulvio
2142 991 2310 1040 con-

357 1090 506 1164 sule
531 1089 606 1164 in
628 1089 914 1167 Aetolia
943 1091 1132 1189 gesta
1150 1090 1336 1179 sunt,
1367 1088 1610 1167 consul
1637 1091 1807 1164 alter
1832 1090 1968 1163 Cn.
1992 1084 2313 1160 Manlius

355 1207 440 1284 in
487 1199 974 1306 Gallograecia
1019 1211 1288 1284 bellum
1337 1212 1557 1308 geffit,
1608 1207 1805 1306 quod
1854 1231 2046 1282 nunc
2094 1205 2313 1280 ordiri

361 1353 676 1427 pergam.
803 1330 987 1402 Vere
1052 1327 1284 1426 primo
1351 1326 1717 1427 Ephesum
1784 1325 2028 1402 consul
2090 1324 2313 1412 venit,

360 1444 806 1545 acceptisque
849 1445 1074 1544 copiis
1105 1473 1148 1520 a
1179 1448 1274 1521 L.
1307 1445 1665 1543 Scipione,
1712 1451 1781 1520 δι
1830 1443 2141 1520 exercitu
2175 1444 2311 1520 lus-

357 1585 565 1653 trato,
615 1563 1033 1640 concionem
1068 1566 1256 1663 apud
1287 1563 1544 1638 milites
1590 1564 1871 1640 habuit:
1925 1589 2094 1661 qua,
2140 1591 2309 1640 con-

359 1685 642 1764 laudata
668 1683 928 1758 virtute
961 1710 1236 1772 eorum,
1287 1685 1487 1781 quod
1535 1709 1703 1764 curn
1751 1682 2118 1761 Antiocho
2160 1709 2311 1758 uno

357 1803 630 1902 proelio
690 1802 1162 1892 debellafl‘ent,
1227 1805 1633 1878 adhortatus
1694 1828 1814 1876 eos
1880 1803 1971 1876 ad
2036 1829 2312 1878 novum

359 1948 532 1998 cum
562 1922 790 1997 Gallis
821 1919 1344 2019 suscipiendum
1393 1923 1693 2012 bellum,
1746 1921 1877 2019 qui
1918 1925 1987 2000 &
2030 1920 2313 1998 auxiliis

362 2039 816 2124 Antiochum
847 2039 1210 2136 juviffent,
1261 2043 1328 2114 ὅτ
1379 2042 1561 2115 adeo
1598 2039 1949 2116 indomita
1978 2043 2315 2116 haberent

355 2158 672 2258 ingenia,
722 2177 805 2234 ut
837 2158 1325 2256 nequidquam
1365 2159 1769 2234 Antiochus
1814 2179 2091 2233 emotus
2133 2160 2317 2236 ultra

345 2279 528 2378 juga
575 2276 800 2353 Tauri
854 2275 1118 2352 montis
1169 2278 1408 2365 effent,
1461 2277 1595 2365 nifi·
1634 2276 2113 2377 frangerentur
2143 2303 2315 2375 opes

363 2401 766 2485 Gallorum,
817 2398 908 2472 de
941 2395 1008 2470 se
1041 2421 1332 2495 quoque
1366 2420 1617 2494 pauca,
1650 2422 1781 2472 nec
1817 2395 2005 2486 falsa,
2038 2423 2171 2472 nec
2202 2397 2313 2474 in·

357 2516 671 2605 modica,
703 2514 980 2614 adjecit.
1081 2515 1288 2590 Laeti
1317 2514 1579 2590 milites
1609 2541 1779 2593 cum
1806 2515 2161 2614 frequenti
2189 2518 2312 2594 ad-

361 2635 558 2730 sensu
591 2633 951 2711 consulem
985 2632 1434 2722 audiverunt,
1464 2655 1733 2733 partem
1766 2633 2025 2710 virium
2050 2635 2311 2712 Antio-

361 2755 480 2830 chi
507 2753 706 2828 fuifl‘e
733 2755 978 2830 Gallos
1004 2755 1400 2842 credentes;
1445 2779 1608 2853 rege
1653 2753 1998 2852 superato,
2028 2756 2311 2830 nullum

359 2893 812 2950 momentum
846 2871 919 2946 in
961 2871 1124 2947 solis
1168 2897 1294 2972 per
1341 2872 1410 2946 se
1464 2874 1837 2949 Gallorum
1881 2872 2109 2971 copiis
2138 2872 2309 2950 fore.

360 2993 760 3068 Eumenem
797 2993 990 3066 haud
1025 2991 1100 3066 in
1150 3011 1466 3087 tempore
1516 2994 1741 3066 abefl‘e
1792 2994 2107 3089 (Romae
2141 3012 2313 3070 tunc

359 3112 534 3206 erat)
572 3111 848 3187 credere
883 3110 1152 3199 consul,
1199 3135 1499 3210 gnarum
1535 3112 1857 3192 locorum
1900 3111 2311 3192 hominum-

360 3255 526 3329 que,
551 3235 624 3304 &
647 3230 850 3325 cujus
876 3228 1218 3306 interefl‘et
1244 3229 1469 3328 frangi
1505 3231 1878 3304 Gallorum
1912 3255 2103 3327 opes.
2180 3236 2312 3306 At-

363 3351 586 3424 talum
619 3348 838 3448 igitur
869 3347 1150 3424 fratrem
1183 3351 1332 3446 ejus
1378 3351 1641 3424 arceffit
1676 3375 1717 3424 a
1748 3352 2120 3447 Pergamo,
2152 3351 2315 3426 hor-

361 3466 684 3564 tatusque
711 3469 804 3542 ad
828 3470 1323 3566 capefl'endum
1359 3467 1598 3543 secum
1636 3470 1935 3559 bellurn,
1970 3467 2313 3566 pollicen-

363 3605 502 3662 tem
539 3584 738 3660 suam
765 3585 1196 3685 suorumque
1242 3611 1525 3686 operam
1566 3589 1866 3662 domum
1908 3589 1997 3662 ad
2029 3613 2313 3684 compa·

361 3707 660 3780 randum
709 3705 1028 3784 dimittit.
1128 3709 1402 3782 Paucos
1451 3706 1606 3806 post
1658 3705 1809 3782 dies
1858 3705 2175 3806 profecto
2222 3709 2314 3787 ab

363 3823 644 3923 Epheso
693 3825 962 3901 consuli
1019 3825 1114 3900 ad
1181 3828 1621 3924 Magnesiam
1669 3825 1985 3901 obcurrit
2031 3827 2313 3902 Attalus

365 3967 532 4027 cum
585 3942 779 4020 mille
828 3943 1216 4043 peditibus,
1265 3942 1631 4042 equitibus
1678 3944 2032 4036 ducentis,
2087 3947 2311 4026 Athe·
2376 4001 2381 4004 -

366 4086 540 4147 naen
571 4061 776 4148 fratre
789 4063 977 4162 juffo
1003 4089 1174 4140 cum
1207 4061 1452 4146 ceteris
1479 4061 1705 4163 copiis
1730 4061 2084 4164 subsequi,
2116 4089 2311 4144 com—
