3100 5359
887 731 960 812 L
1013 765 1042 812 1
1101 761 1142 814 Β
1201 764 1244 814 E
1303 763 1348 812 n
1453 737 1891 814 XXXVIII.
2244 761 2384 838 245

385 917 440 954 ‘³
478 927 660 985 tum.
764 911 1209 989 Dictatorem
1260 941 1428 990 eum
1469 913 1768 1003 consuli,
1824 937 1972 987 non
2032 913 2385 1010 legatum,

385 1037 438 1072 “
477 1029 549 1103 in
579 1031 944 1129 provincia
975 1032 1219 1108 fuiffe:
1275 1061 1404 1109 nec
1433 1037 1524 1108 ad
1546 1034 1755 1108 aliam
1793 1060 1940 1108 rem
1977 1058 2064 1106 eo
2091 1031 2367 1130 profec-

385 1159 438 1192 “
476 1171 660 1239 tum,
731 1179 948 1250 quam
983 1175 1092 1242 ut,
1145 1155 1222 1228 id
1255 1157 1458 1253 quod
1485 1154 1903 1253 Hispaniae,
1942 1152 2244 1241 Galliae,
2272 1150 2377 1226 Si-

387 1267 714 1360 “'ciliae,
739 1263 1018 1348 Africae
1054 1275 1484 1372 jampridem
1535 1271 1937 1371 persuasum
1992 1275 2183 1362 effet,
2236 1276 2377 1348 hoc

384 1398 438 1432 “
480 1391 818 1466 Graeciae
865 1397 1213 1492 Asiaeque
1251 1399 1317 1468 ὅτ
1346 1394 1690 1468 omnibus
1714 1385 1804 1469 ad
1841 1383 2187 1468 orientem
2226 1419 2380 1469 ver-

386 1519 440 1552 “
473 1513 554 1583 fis
579 1509 868 1610 regibus
904 1513 1376 1612 gentibusque
1407 1515 1819 1611 adpareret3
1872 1539 2103 1586 unum
2140 1513 2372 1587 homi-

383 1639 439 1672 “
475 1655 642 1716 nem
696 1651 912 1730 caput
970 1634 1450 1732 columenque
1502 1633 1783 1730 imperii
1832 1632 2152 1706 Romani
2193 1636 2370 1708 effe:

383 1757 440 1792 ‘⁴
478 1749 608 1824 sub
659 1755 916 1827 umbra
971 1752 1324 1852 Scipionis
1375 1743 1734 1828 civitatem
1775 1753 2145 1826 dominam
2181 1752 2372 1828 orbis

385 1879 442 1912 “
481 1889 818 1946 terrarum
845 1873 1054 1946 latere
1073 1891 1378 1948 2'nutum
1403 1874 1548 1970 ejus
1571 1899 1699 1971 pro
1728 1873 2023 1947 decretis
2046 1875 2367 1957 Patrum,

387 1998 442 2031 ‘⁶
478 2015 607 2087 pro
627 1989 879 2089 populi
889 1993 1084 2088 juffis
1126 1994 1330 2068 effe.”
1427 1992 1731 2066 Infamia
1783 1993 2128 2066 intactum
2177 1992 2359 2066 invi-

383 2109 532 2197 dia,
589 2137 732 2208 qua
783 2115 1090 2210 poss‘unt,
1143 2135 1475 2212 urguent.
1562 2112 2027 2187 Orationibus
2076 2113 2145 2186 in
2196 2139 2366 2188 noc-

383 2251 531 2306 tem
587 2233 967 2332 perduEtiS,
1025 2235 1348 2333 prodicta
1405 2235 1559 2309 dies
1608 2235 1727 2309 est.
1830 2235 1985 2309 Ubi
2020 2261 2103 2308 ea
2141 2235 2364 2322 venit,

382 2349 650 2426 tribuni
705 2352 782 2426 in
835 2355 1109 2429 Rostris
1164 2356 1391 2454 prima
1435 2357 1595 2430 luce
1651 2353 2138 2430 consederunt.
2240 2355 2364 2429 Ci-

382 2489 566 2544 tatus
619 2497 776 2546 reus
832 2499 1095 2574 magno
1152 2475 1437 2573 agmine
1494 2475 1891 2580 amicorum
1954 2473 2362 2550 clientium·

381 2615 527 2688 que
581 2617 706 2689 per
771 2593 1082 2668 mediam
1139 2592 1563 2669 concionem
1616 2597 1707 2668 ad
1775 2595 2033 2669 Rostra
2091 2573 2357 2686 subiit:

381 2710 794 2810 silentioque
825 2711 1038 2802 fac‘to,
1091 2725 1142 2758 “
1180 2716 1429 2803 Hoc,”
1481 2712 1747 2812 inquit,
1804 2727 1853 2758 “
1893 2715 2037 2801 die,
2087 2713 2359 2790 tribuni

386 2838 440 2872 “
475 2829 725 2927 plebis,
761 2832 1027 2930 vosque
1046 2833 1390 2935 Qirites,
1421 2859 1592 2908 cum
1629 2835 2041 2910 Hannibale
2077 2840 2143 2910 ὅτ
2181 2839 2355 2910 Kar-

381 2958 438 2994 “
474 2950 1020 3050 thaginienfibus
1055 2952 1261 3052 fignis
1293 2952 1614 3042 conlatiS,
1668 2953 1742 3027 in
1781 2953 2027 3029 Africa
2060 2958 2240 3030 bene
2273 2983 2356 3031 ac

381 3079 435 3114 “
471 3068 770 3145 feliciter
813 3071 1151 3170 pugnavi.
1250 3074 1526 3171 Itaque,
1592 3098 1821 3172 quum
1858 3073 2073 3148 hodie
2108 3075 2355 3150 litibus

379 3198 433 3233 “
471 3195 540 3264 ὅτ
562 3189 820 3290 jurgiis
855 3190 1274 3291 supersederi
1309 3219 1621 3291 aequum
1652 3197 1755 3282 fit,
1817 3221 1954 3294 ego
2007 3194 2175 3270 hinc
2228 3221 2353 3270 ex-

379 3319 433 3354 “
472 3313 737 3410 templo
771 3311 846 3385 in
879 3311 1316 3409 Capitolium
1343 3315 1434 3386 ad
1456 3315 1712 3408 Jovem
1736 3314 2093 3413 optimum
2123 3314 2349 3389 maxi-

379 3439 433 3474 “
469 3454 678 3505 mum
702 3433 1210 3530 Junonemque
1238 3436 1303 3507 ὅτ
1333 3431 1741 3508 Minervam
1769 3432 2171 3533 ceterosque
2203 3437 2351 3510 De-

379 3559 432 3596 “
469 3575 575 3638 os,
635 3551 766 3650 qui
804 3551 1158 3650 Capitolio
1191 3571 1404 3649 atque
1427 3552 1571 3627 'arci
1606 3557 2017 3650 praefident,
2054 3553 2351 3629 salutan-

380 3678 435 3713 “
471 3671 600 3744 dos
630 3671 750 3746 ibo
771 3699 793 3743 ε
833 3669 1080 3769 hisque
1115 3671 1364 3770 gratias
1397 3697 1633 3770 agam,
1662 3676 1863 3770 quod
1894 3673 2073 3750 mihi
2106 3673 2181 3746 &
2208 3677 2349 3750 hoc

379 3797 434 3833 “
471 3785 624 3888 ipso
655 3790 800 3878 die,
857 3795 926 3866 &
961 3790 1158 3891 saepe
1188 3791 1378 3880 alias,
1430 3792 1711 3892 egregie
1752 3793 2179 3892 reipublicae
2226 3821 2349 3893 ge-

377 3919 433 3953 “
471 3910 728 3984 rendae
761 3933 1072 3985 mentem
1111 3909 1661 4011 facultatemque
1704 3913 2077 3988 dederunt.
2180 3913 2349 3989 Ves-

376 4039 431 4076 “
467 4050 660 4104 trum
711 4055 1002 4129 quoque
1055 4030 1319 4129 quibus
1361 4035 1831 4107 commodum
1875 4034 1998 4123 est,
2056 4033 2151 4108 ite
2195 4061 2344 4108 me-

375 4161 434 4198 “
471 4177 670 4240 curn,
720 4149 1062 4254 Qui-itm,
1126 4155 1194 4225 &
1249 4172 1438 4226 orate
1492 4153 1715 4242 Deos,
1770 4177 1853 4228 ut
1906 4153 2049 4228 mei
2095 4152 2345 4228 fimiles
