3100 5359
900 726 976 802 1..
1029 750 1054 799 ι
1117 749 1158 800 a
1218 748 1262 801 ε
1319 748 1366 801 ιι
1469 726 1833 801 xxx1X.
2210 723 2353 825 269

379 906 642 1003 Qum
662 898 1036 1000 pontifices
1061 901 1441 999 negafl'ent,
1467 900 1559 975 ad
1580 898 1999 997 religionem
2016 896 2364 997 pertinere

381 1040 656 1121 quanta
702 1019 992 1120 inpensa
1051 1019 1128 1093 in
1181 1020 1389 1095 ludos
1441 1022 1685 1107 fieret3
1747 1016 2022 1094 senatus
2075 1017 2361 1107 Fulvio,

381 1160 744 1241 quantum
795 1139 1238 1240 inpenderet,
1291 1140 1628 1239 permifit,
1683 1140 1864 1215 dum
1894 1164 1984 1214 ne
2011 1137 2361 1213 summam

383 1262 753 1363 octoginta
775 1261 1088 1337 millium
1119 1262 1516 1337 excederet.
1615 1258 2095 1357 Triumphare
2128 1257 2362 1334 mense

381 1382 726 1478 Januario
757 1382 1126 1462 stameratz
1181 1381 1298 1457 sed
1334 1405 1569 1480 quum
1608 1379 1932 1468 audiffet,
1999 1376 2363 1455 consulem

383 1504 508 1577 M.
545 1501 974 1591 Aemilium,
1015 1501 1232 1577 literis
1264 1501 1525 1577 Aburii
1560 1500 1827 1578 tribuni
1861 1499 2090 1601 plebis
2114 1526 2361 1599 accep-

383 1622 478 1698 tis
509 1626 602 1699 de
627 1622 904 1697 remiffa
923 1623 1426 1711 interceffione,
1459 1621 1692 1721 ipsum
1720 1624 1813 1697 ad
1844 1620 2363 1721 inpediendum

383 1743 838 1841 triumphum
900 1747 1219 1818 Romam
1271 1742 1703 1832 venientem,
1756 1768 2054 1841 aegrum
2113 1742 2188 1816 in
2245 1741 2364 1817 via

381 1864 782 1952 substitifl'e,
807 1891 896 1939 ne
929 1866 1090 1962 plus
1121 1862 1196 1938 in
1215 1863 1582 1960 triumpho
1606 1863 2108 1953 certaminum,
2142 1888 2363 1962 quam

385 1984 468 2059 in
495 1986 712 2072 bello,
773 1986 1084 2071 haberet,
1131 1983 1459 2083 praetulit
1493 1983 1841 2082 triumphi
1876 1984 2095 2058 diem.
2197 1983 2361 2058 Tri-

385 2102 763 2203 umphavit
793 2124 954 2177 ante
989 2101 1184 2177 diem
1205 2102 1575 2179 decimum
1612 2105 1965 2179 Kalendas
1997 2102 2362 2198 Januarias

383 2228 482 2301 de
513 2223 814 2311 Aetolis,
867 2228 938 2302 &
991 2226 1084 2298 de
1129 2223 1607 2323 Cephallenia.
1710 2229 1989 2299 Aureae
2029 2248 2357 2313 coronae,

381 2366 680 2421 centum
711 2342 1100 2420 duodecim
1126 2346 1400 2442 pondo,
1436 2366 1595 2419 ante
1619 2369 1910 2421 currum
1946 2345 2119 2418 latae
2152 2342 2356 2419 sunte

375 2465 655 2565 argenti
693 2466 942 2563 pondo
999 2462 1224 2539 millia
1275 2464 1639 2565 octoginta
1672 2463 1843 2539 tria:
1898 2462 2053 2539 auri
2109 2465 2359 2563 pondo

381 2588 696 2661 ducenta
759 2576 1226 2685 quadraginta
1276 2583 1448 2659 tria:
1513 2586 2111 2660 tetradrachmfim
2170 2582 2361 2659 Atti-

383 2712 562 2784 cum
593 2727 890 2783 centum
925 2703 1332 2781 octodecim
1365 2704 1630 2780 milliaz
1684 2704 2041 2805 Philippei
2076 2702 2360 2781 nummi

385 2826 783 2903 duodecim
835 2824 1064 2901 millia
1103 2825 1613 2926 quadringenti
1644 2825 1903 2926 viginti
1936 2828 2121 2903 duo:
2172 2830 2363 2926 figna

383 2974 604 3023 aenea
649 2948 964 3023 ducenta
1004 2946 1368 3045 ostoginta
1410 2946 1779 3046 quinque:
1833 2950 2023 3046 figna
2054 2972 2361 3022 marmo-
2451 2956 2457 2963 ‘

383 3094 504 3145 rea
528 3069 842 3143 ducenta
864 3064 1192 3166 triginta:
1242 3091 1461 3155 arma,
1513 3068 1675 3156 tela,
1710 3088 1939 3142 cetera
1966 3065 2183 3165 spolia
2201 3065 2358 3141 hos·

386 3188 601 3277 tium,
633 3214 940 3289 magnus
957 3212 1320 3262 numerus.
1423 3189 1548 3261 Ad
1577 3188 1715 3262 hoc
1750 3188 2171 3285 catapultae,
2210 3186 2359 3261 bal·

385 3306 606 3398 listae,
643 3328 998 3385 tormenta
1028 3307 1263 3383 omnis
1295 3306 1611 3408 generis:
1663 3307 1910 3395 duces»,
1958 3328 2082 3381 aut
2114 3305 2359 3380 Aetoli

383 3434 452 3506 δι
481 3430 972 3529 Cephallenes,
995 3451 1119 3504 aut
1145 3428 1319 3529 regii
1353 3432 1444 3504 ab
1471 3427 1841 3503 Antiocho
1862 3426 1965 3503 ibi
1986 3426 2237 3517 relicti,
2263 3428 2357 3502 ad

381 3551 651 3650 septem
707 3554 776 3625 ὅτ
804 3548 1084 3650 viginti.
1185 3551 1466 3625 Multos
1498 3576 1587 3625 eo
1614 3548 1760 3637 die,
1813 3547 2227 3647 priusquam
2277 3548 2357 3625 in

381 3675 639 3749 urbem
675 3670 1145 3760 inveheretur,
1214 3668 1290 3744 in
1334 3668 1526 3746 circo
1580 3668 1941 3745 Flaminio
2006 3667 2193 3744 tribu
2202 3694 2355 3757 noa,

381 3791 802 3894 praefecioe,
857 3790 1161 3891 equites,
1193 3790 1665 3878 centuriones,
1702 3791 2072 3865 Romanos
2104 3788 2355 3865 socios·

386 3940 556 4015 que,
633 3911 846 3989 donis
899 3911 1326 3987 militaribus
1392 3911 1708 3986 donavit.
1836 3908 2204 3987 Militibus
2260 3934 2353 3985 ex

385 4036 644 4135 praeda
661 4033 950 4109 vicenos
974 4030 1234 4132 quinos
1253 4030 1577 4107 denarios
1611 4030 1867 4123 divisit,
1880 4032 2153 4132 duplex
2186 4058 2353 4109 cen·-

387 4152 675 4244 turioni,
709 4152 966 4253 triplex
989 4151 1242 4252 equiti.
