3100 5359
741 658 888 758 39⁶
1428 659 2061 738 T.Lrv11

743 828 1062 920 aiebant,
1111 831 1361 908 eadem
1389 857 1689 934 magnae
1714 833 1895 932 parti
1922 835 2017 910 ad
2044 833 2294 936 fugam
2320 833 2524 914 saluti
2554 835 2727 916 fuit.

741 953 962 1051 Sparsi
987 949 1182 1026 enirn
1208 972 1360 1029 toto
1385 955 1627 1052 paffim
1654 979 1915 1054 campo
1946 952 2013 1031 se
2042 953 2489 1034 diffuderunt
2514 988 2536 1033 ε
2584 985 2729 1036 nec

743 1068 1046 1172 usquam
1073 1069 1426 1148 confertos
1449 1098 1571 1148 eos
1602 1074 1819 1150 hostis
1844 1075 2337 1153 circumvenit.
2436 1079 2729 1156 Tamen

739 1193 832 1267 ad
863 1191 1256 1268 duodecim
1311 1191 1540 1268 millia
1589 1191 1751 1270 sunt
1792 1195 2026 1272 caesa:
2076 1219 2280 1296 capta
2310 1199 2471 1297 plus
2500 1198 2724 1298 quin·

739 1337 885 1412 que
937 1311 1164 1387 millia
1215 1311 1624 1403 hominum,
1686 1317 1860 1414 equi
1926 1317 2457 1418 quadringenti,
2530 1323 2729 1420 signa

737 1431 1071 1508 militaria
1101 1431 1459 1534 sexaginta
1489 1415 1665 1511 duo.
1730 1435 1881 1538 Qi
1910 1435 2189 1536 palatie
2216 1436 2385 1538 fuga
2410 1439 2725 1514 domum

739 1551 810 1628 se
851 1551 1317 1652 recipiebant,
1369 1556 1669 1633 alterum
1715 1581 1973 1656 agmen
2017 1555 2549 1634 Celtiberorum
2596 1587 2722 1634 ve-

737 1671 1124 1764 nientium,
1173 1675 1617 1752 deditionem
1643 1675 2067 1751 Contrebiae
2108 1679 2179 1752 &
2214 1675 2411 1752 suam
2436 1679 2721 1756 cladem

739 1795 1114 1884 narrand0,
1163 1815 1583 1870 averterunt.
1682 1797 2071 1895 Extemplo
2124 1795 2199 1873 in
2244 1797 2442 1873 vicos
2472 1800 2719 1876 castel·

739 1917 950 2017 laque
993 1914 1117 1992 sua
1175 1941 1424 1992 omnes
1477 1913 1745 2012 dilapfi.
1842 1917 2169 2006 Flaccus,
2232 1945 2275 1994 a
2330 1919 2721 1996 Contrebia

735 2036 1122 2138 profectus,
1153 2061 1282 2134 per
1313 2033 2357 2135 Celtiberiampopulabundus
2384 2039 2595 2115 ducit
2620 2043 2721 2117 le-

737 2156 1026 2258 giones:
1061 2157 1292 2230 multa
1319 2155 1601 2230 castella
1630 2156 2103 2257 obpugnavit,
2136 2159 2371 2234 donec
2396 2159 2719 2238 maxima

735 2303 893 2379 pars
917 2274 1444 2353 Celtiberorum
1463 2275 1542 2351 in
1574 2275 2019 2352 deditionem
2048 2277 2271 2354 venit.

833 2399 1192 2474 XXXIV.
1293 2398 1502 2472 Haec
1554 2394 1629 2470 in
1662 2394 1981 2472 citeriore
2016 2397 2367 2498 Hispania
2398 2425 2489 2476 eo
2520 2427 2721 2478 anno

732 2519 947 2620 gesta.
1050 2519 1146 2591 Et
1193 2515 1268 2590 in
1325 2515 1683 2604 ulteriore,
1734 2516 2057 2592 Manlius
2091 2540 2369 2617 praetor
2402 2519 2720 2598 secunda

731 2637 1008 2738 aliquot
1034 2633 1302 2734 proelia
1335 2661 1508 2712 cum
1539 2635 1897 2712 Lufitanis
1926 2637 2119 2714 fecit.
2220 2639 2559 2740 Aquileja
2586 2669 2713 2718 co·

603 2747 614 2758 ’
729 2758 924 2836 Ionia
951 2753 1216 2834 Latina
1243 2757 1502 2832 eodem
1529 2783 1720 2832 anno
1752 2756 1829 2832 in
1862 2784 2030 2858 agro
2058 2761 2433 2837 Gallorum
2464 2763 2569 2838 est
2584 2765 2713 2840 de-

725 2881 972 2980 ducta.
1069 2876 1245 2952 Tria
1285 2875 1512 2952 millia
1541 2876 1869 2976 peditum
1902 2877 2414 2980 quinquagena
2426 2882 2709 2983 jugera,

731 2998 1180 3080 centuriones
1233 3017 1559 3086 centena,
1610 3019 1913 3075 centena
1942 3000 2401 3100 quadragena
2427 3002 2711 3102 equites

729 3137 1180 3222 acceperunt.
1275 3117 1585 3194 Tresviri
1651 3119 2139 3208 deduxerunt,
2206 3123 2289 3196 P.
2328 3122 2709 3200 Cornelius

733 3241 976 3342 Scipio
1006 3243 1285 3329 Nafica,
1335 3241 1422 3316 C.
1455 3237 1876 3328 Flaminius»,
1945 3240 2041 3315 L.
2078 3239 2403 3316 Manlius
2448 3240 2707 3318 Acidi-

730 3387 890 3438 nus.
989 3363 1230 3438 Aedes
1287 3362 1472 3436 duae
1521 3385 1611 3435 eo
1662 3387 1851 3435 anno
1894 3359 2257 3436 dedicatae
2302 3359 2511 3436 sunt=
2560 3389 2707 3440 una

733 3481 1026 3558 Veneris
1071 3479 1418 3581 Erycinae
1459 3481 1554 3554 ad
1587 3501 1861 3578 portam
1896 3480 2292 3558 Collinam=
2342 3482 2705 3560 dedicavit

729 3603 824 3678 L.
849 3600 1143 3678 Porcius
1177 3606 1271 3678 L.
1307 3605 1390 3679 F.
1424 3599 1729 3676 Licinus
1758 3600 2122 3678 duumvir.
2176 3605 2397 3701 (Vota
2428 3626 2573 3678 erat
2604 3607 2701 3682 ab

729 3723 1016 3801 consule
1061 3725 1156 3798 L.
1177 3721 1460 3810 Porci0,
1511 3720 1895 3820 Ligustino
1957 3723 2203 3817 bello.)
2302 3727 2575 3816 Altera,
2624 3726 2701 3802 in

731 3845 887 3924 foro
917 3843 1224 3931 olitorio,
1260 3841 1572 3918 Pietatis.
1674 3845 1857 3918 Eam
1888 3844 2139 3918 aedem
2166 3842 2527 3923 dedicavit
2559 3848 2701 3923 Μ’.

729 3965 1014 4044 Acilius
1069 3963 1365 4040 Glabrio
1407 3961 1793 4038 duumvir=
1856 3961 2295 4063 statuamque
2354 3987 2695 4057 auratam,

729 4113 916 4188 quae
943 4085 1174 4187 prima
1201 4082 1534 4160 omnium
1568 4081 1647 4158 in
1670 4081 1873 4158 Italia
1894 4083 2119 4161 statua
2146 4107 2387 4162 aurata
2415 4086 2543 4179 est,
2574 4113 2695 4188 pa·
