3100 5359
847 732 922 806 L
975 756 1004 804 1
1065 756 1106 805 B
1159 754 1206 804 r.
1255 754 1304 805 R
1405 726 1768 805 XXXIX.
2155 752 2299 829 333

307 914 368 950 ‘⁸
403 928 576 981 cum
627 904 902 1004 populo
960 906 1300 979 Romano
1360 902 1709 978 Demetrii
1756 899 1887 977 filii
1941 902 2295 978 beneficio

311 1035 370 1071 “
403 1027 610 1100 efl'e.”

409 1144 766 1221 XLVIII.
866 1146 1105 1232 Haec,
1163 1169 1346 1243 quae
1393 1144 1761 1243 augendae
1800 1142 2293 1243 amplitudinis

311 1267 468 1365 ejus
499 1266 732 1343 caufl'a
763 1262 946 1339 faeta
969 1282 1190 1353 erant,
1217 1265 1581 1363 extemplo
1607 1263 1683 1339 in
1710 1263 2085 1354 invidiam,
2120 1287 2299 1342 mox

311 1386 532 1463 etiam
578 1387 654 1461 in
699 1382 1094 1483 perniciem
1125 1383 1548 1460 adolescenti
1582 1404 1965 1461 verterunt.
2064 1388 2293 1463 Lace-

313 1504 679 1583 daemonii
711 1503 978 1580 deinde
1011 1504 1398 1581 introducti
1429 1502 1614 1580 sunt.
1715 1508 2002 1581 Multae
2030 1506 2107 1581 δε
2140 1532 2297 1606 par-

313 1653 446 1703 vae
506 1623 1046 1725 disceptationes
1084 1626 1570 1722 jaCtabantur:
1622 1624 1769 1713 sed,
1830 1653 2016 1725 quae
2068 1626 2295 1703 maxi-

317 1772 438 1825 me
471 1773 622 1823 rem
649 1747 1118 1833 continerent,
1171 1768 1411 1835 erant3
1463 1768 1709 1823 utrum
1742 1747 2297 1839 restituerentur,

319 1894 507 1967 quos
557 1867 831 1944 Achaei
886 1868 1411 1956 damnaverant,
1479 1894 1611 1944 nec
1673 1894 1809 1957 ne3
1866 1866 2144 1966 inique,
2204 1896 2298 1945 an

304 1989 474 2085 jure
507 1986 950 2075 occidiffent,
999 2012 1182 2086 quos
1215 1987 1646 2063 occiderant.
1747 1992 2166 2064 Vertebatur
2200 1995 2298 2080 &,

317 2130 568 2185 utrum
602 2130 970 2186 manerent
1001 2109 1080 2184 in
1115 2110 1444 2186 Acha‘ico
1469 2109 1777 2186 concilio
1810 2113 2299 2187 Lacedaemo·

323 2229 482 2315 nii3
531 2256 650 2319 an,
699 2252 786 2305 ut
833 2251 996 2305 ante
1055 2229 1308 2319 fuerat,
1371 2229 1715 2306 secretum
1767 2232 1917 2329 ejus
1960 2230 2176 2307 unius
2220 2231 2301 2308 in

322 2350 817 2449 Peloponneso
869 2345 1172 2427 civitatis
1184 2351 1304 2447 jus
1338 2353 1524 2427 effet.
1602 2351 1944 2441 Restitui,
1991 2352 2301 2450 judicia-

324 2497 474 2571 que
499 2469 680 2547 facta
711 2471 867 2547 tolli
900 2472 1208 2571 placuit:
1263 2474 1885 2548 Lacedaemonem
1914 2500 2199 2551 manere
2224 2475 2303 2551 in

329 2592 660 2669 Achaico
691 2584 1000 2668 concilio
1021 2622 1044 2667 t
1093 2591 1449 2691 scribique
1483 2592 1563 2668 id
1596 2596 1989 2685 decretum,
2025 2600 2094 2671 ὅτ
2130 2624 2303 2673 con-

325 2710 582 2812 fignari
632 2738 674 2787 a
713 2712 1304 2811 Lacedaemoniis
1338 2717 1413 2787 &
1450 2715 1779 2790 Achaeis.
1879 2719 2197 2817 Legatus
2227 2718 2307 2794 in

333 2833 854 2911 Macedoniam
886 2833 1338 2936 QMarcius
1372 2834 1472 2908 est
1505 2834 1789 2911 miffus:
1828 2836 2053 2932 juffus
2108 2837 2307 2913 idem

329 2950 410 3029 in
445 2951 932 3053 Peloponneso
954 2953 1308 3031 sociorum
1363 2978 1469 3030 res
1503 2953 1881 3053 adspicere.
1980 2960 2175 3033 Nam
2204 2958 2309 3035 ibi

333 3098 634 3173 quoque
681 3078 752 3149 &
800 3100 891 3150 ex
933 3073 1291 3151 veteribus
1351 3073 1719 3151 discordiis
1770 3076 2022 3151 residui
2066 3098 2307 3155 motus

331 3216 559 3284 erant,
619 3199 690 3270 &
739 3197 1064 3270 Mefl‘ene
1117 3194 1498 3271 desciverat
1539 3224 1582 3271 a
1616 3196 1925 3272 concilio
1956 3198 2303 3276 Achaico.

333 3316 586 3413 Cujus-
609 3316 776 3393 belli
813 3320 882 3391 ac
915 3318 1176 3393 cauffas
1203 3320 1274 3391 &
1299 3316 1627 3393 ordinem
1667 3322 1713 3392 fi
1748 3342 2160 3418 expromere
2187 3346 2307 3396 ve-

333 3436 494 3527 lim,
555 3435 910 3513 inmemor
959 3436 1083 3511 fim
1135 3434 1494 3536 propofiti,
1529 3462 1679 3537 quo
1712 3439 1919 3514 statui
1954 3466 2101 3515 non
2126 3443 2313 3517 ultra

333 3556 700 3659 adtingere
733 3576 1048 3646 externa,
1105 3557 1230 3631 nifi
1281 3582 1426 3657 qua
1470 3558 1821 3635 Romanis
1860 3564 2313 3641 cohaererent

335 3682 571 3755 rebus.

437 3799 720 3873 XLIX.
811 3800 1132 3875 Eventus
1155 3798 1635 3876 memorabilis
1659 3800 1784 3889 est,
1820 3802 2047 3901 quod,
2076 3830 2311 3904 quum

337 3920 530 3995 bello
562 3917 948 4017 superiores
981 3920 1198 3995 effent
1226 3919 1526 4008 Achaei,
1563 3919 2079 4019 Philopoemen
2110 3952 2309 4025 prae-

339 4061 450 4116 tor
503 4066 756 4115 eorum
810 4039 1109 4139 capitur,
1161 4040 1252 4115 ad
1289 4044 1944 4141 praeoccupandam
1978 4046 2311 4124 Coronen

345 4160 807 4261 [profectum
846 4186 1065 4261 quam
1098 4160 1328 4236 hostes
1347 4164 1711 4259 petebant,
1744 4161 1821 4237 in
1849 4166 2027 4241 valle
2060 4166 2311 4268 iniqua
