3100 5359
795 737 939 790 210
1449 713 2105 788 T.L1v11

803 891 1000 986 (nam
1027 889 1225 976 urbs,
1260 886 1338 962 in
1363 911 1554 964 mare
1580 888 1880 977 devexa,
1916 888 1993 962 in
2018 886 2469 964 occidentem
2506 885 2771 988 vergit)

797 1033 1009 1083 muro
1053 1006 1402 1104 superato,
1471 1008 1548 1082 in
1596 1007 1835 1084 forum
1880 1024 2373 1108 pervenerunt.
2470 1005 2780 1095 Samaei,

801 1127 1180 1228 postquam
1225 1150 1505 1225 captam
1545 1127 1747 1204 urbis
1780 1149 2051 1228 partem
2084 1131 2176 1204 ab
2209 1128 2529 1204 hostibus
2550 1126 2777 1202 sense-

798 1269 993 1336 runt,
1045 1273 1218 1322 cum
1275 1247 1707 1347 conjugibus
1758 1275 1841 1324 ac
1893 1247 2131 1326 liberis
2178 1248 2253 1323 in
2288 1249 2625 1350 majorem
2666 1273 2779 1322 re-

798 1365 1136 1468 fugerunt
1169 1393 1426 1444 arcem.
1527 1369 1706 1444 Inde
1738 1367 2016 1467 postero
2050 1367 2170 1444 die
2204 1367 2462 1457 dediti,
2492 1367 2781 1467 direpta

799 1492 1006 1576 urbe,
1036 1486 1166 1564 sub
1194 1513 1459 1563 corona
1485 1515 1735 1564 omnes
1762 1487 2159 1565 venierunt.

899 1611 1154 1684 XXX.
1256 1608 1555 1701 Consul,
1607 1609 2012 1708 compofitis
2034 1613 2248 1686 rebus
2280 1608 2788 1708 Cephalleniae

798 1727 1141 1827 praefidio
1187 1732 1432 1806 Samae
1477 1728 1805 1828 inpofit0,
1864 1730 1943 1806 in
1994 1728 2589 1828 Peloponnesum,
2626 1727 2787 1825 jam

801 1847 930 1924 diu
959 1847 1458 1926 arceffentibus
1479 1850 1759 1952 Aegien
1768 1852 1953 1928 sibus
1972 1849 2285 1928 maxime
2304 1875 2387 1924 ac
2414 1851 2785 1924 Lacedae-

801 1967 1092 2057 moniis,
1161 1968 1453 2066 trajecit.
1554 1970 1899 2071 Aegium,
1968 1997 2011 2049 a
2059 1968 2415 2070 principio
2474 1969 2785 2044 Achaici

801 2087 1120 2179 concilii,
1182 2087 1454 2188 semper
1506 2111 1902 2166 conventus
1958 2089 2189 2190 gentis
2248 2087 2503 2163 indicti
2562 2085 2783 2178 sunt3

801 2209 920 2288 seu
949 2207 1282 2309 dignitati
1308 2209 1506 2285 urbis
1533 2208 1640 2300 id,
1668 2209 1786 2286 seu
1814 2210 1954 2286 loci
1982 2207 2493 2311 opportunitati
2522 2209 2784 2288 datum

800 2331 926 2408 est.
988 2333 1222 2406 Hunc
1251 2356 1526 2406 morem
1561 2331 2079 2431 Philopoemen
2102 2357 2190 2406 eo
2216 2329 2537 2430 primum
2586 2355 2785 2404 anno

801 2449 1218 2528 labefactare
1245 2472 1572 2540 conatus,
1607 2453 1839 2551 legem
1876 2453 2161 2549 parabat
2176 2449 2376 2538 ferre,
2412 2469 2497 2524 ut
2522 2449 2599 2524 in
2624 2475 2785 2524 om-

803 2572 1022 2650 nibus
1048 2571 1483 2663 civitatibus,
1531 2595 1717 2671 quae
1750 2571 2052 2648 Acha'ici
2088 2569 2375 2648 concilii
2409 2567 2654 2659 essent,
2704 2567 2785 2644 in

803 2693 1040 2768 vicem
1095 2713 1490 2768 conventus
1549 2711 1943 2792 agerentur.
2044 2695 2145 2768 Et
2206 2689 2337 2766 sub
2387 2691 2785 2768 adventum

805 2809 1141 2901 consulis,
1195 2810 1613 2912 Damiurgis
1667 2809 2096 2900 eivitatium,
2147 2811 2276 2912 qui
2323 2808 2649 2886 summus
2680 2811 2785 2887 est

805 2930 1274 3032 magistratus„
1344 2931 1667 3032 Aegium
1709 2931 2203 3021 evocantibus,
2253 2930 2781 3032 Philopoemen

811 3058 1120 3153 (praetor
1138 3073 1296 3128 tum
1324 3053 1499 3147 erat)
1525 3059 1763 3152 Argos
1795 3071 2233 3127 conventum
2252 3050 2505 3128 edixit.
2604 3057 2783 3156 Qo

805 3200 1042 3276 quum
1095 3177 1458 3274 adpareret
1510 3197 1760 3248 omnes
1804 3169 1947 3248 fere
1981 3191 2483 3262 conventuros,
2534 3173 2783 3250 consul

805 3319 1132 3396 quoque,
1185 3318 1631 3394 quamquam
1663 3291 2129 3392 Aegienfium
2160 3290 2438 3370 favebat
2488 3295 2781 3384 cauffae,

805 3419 1046 3514 Argos
1103 3413 1341 3490 venit:
1421 3411 1554 3488 ubi
1620 3437 1853 3511 quum
1910 3409 2324 3512 disceptatio
2390 3412 2648 3504 fuifl'et‚
2712 3419 2781 3491 δε

806 3561 961 3612 rem
1005 3535 1418 3613 inclinatam
1453 3552 1793 3622 cerneret,
1846 3531 2135 3631 incepto
2167 3532 2455 3610 destitit.
2554 3538 2783 3610 Lace·

806 3654 1166 3732 daemonii
1191 3653 1454 3729 deinde
1482 3677 1655 3728 eum
1683 3651 1759 3728 in
1793 3651 1915 3728 sua
1940 3652 2326 3728 certamina
2354 3674 2779 3730 averterunt.

805 3773 1198 3851 Sollicitam
1245 3799 1402 3850 eam
1451 3771 1816 3848 civitatem
1876 3770 2147 3848 exsules
2198 3773 2508 3848 maxime
2564 3775 2778 3850 habe-

801 3900 1009 3975 bant:
1043 3921 1358 3996 quorum
1394 3918 1655 3993 magna
1687 3917 1843 3991 pars
1878 3891 1953 3968 in
1980 3891 2354 3968 maritimis
2374 3893 2779 3972 Laconicae

803 4041 966 4094 orae
999 4015 1318 4106 castellis,
1353 4039 1538 4115 quae
1568 4010 1807 4087 omnis
1836 4013 2119 4088 ademta
2138 4035 2307 4102 erat,
2340 4014 2773 4092 habitabant.

809 4139 902 4215 Id
942 4163 1146 4239 aegre
1179 4133 1524 4236 patientes
1556 4132 2146 4224 Lacedaemonii,
2203 4155 2287 4210 ut
2316 4133 2559 4236 aliqua
2602 4134 2776 4214 libe-
