3100 5359
2372 0 2601 21 Ὕ”““Ε’“ῗ
2619 0 2792 19 *z*

803 734 949 808 254
1295 737 1302 742 ·
1446 707 2077 782 T.L1v11

795 882 1156 959 consulem
1193 887 1261 956 &
1283 881 1699 956 dictatorem
1725 881 1935 956 vellet
1966 879 2213 956 facere.
2314 877 2763 954 Prohibuifl‘e

797 1001 1050 1078 statuas
1084 1001 1206 1077 fibi
1243 1001 1317 1075 in
1351 1000 1676 1089 comitio,
1710 999 1786 1075 in
1822 999 2124 1090 Rostris,
2160 999 2235 1075 in
2262 999 2483 1089 curia,
2517 999 2596 1074 in
2630 1001 2765 1075 Ca-

797 1119 1078 1219 pitoli0,
1108 1119 1179 1195 in
1205 1123 1378 1196 cella
1410 1121 1613 1217 Jovis
1632 1119 1829 1220 poni.
1896 1119 2363 1209 Prohibuiffe,
2400 1145 2489 1196 ne
2521 1121 2765 1194 decer-

796 1263 1102 1329 neretur,
1161 1263 1243 1316 ut
1273 1241 1510 1341 imago
1543 1240 1665 1316 sua
1701 1239 2111 1339 triumphali
2144 1261 2395 1315 ornatu
2422 1266 2461 1314 e
2496 1242 2771 1337 templo

797 1360 1000 1458 Jovis
1019 1357 1272 1460 optimi
1300 1360 1599 1436 maximi
1624 1360 1869 1436 exiret.

897 1483 1133 1557 LVII.
1233 1483 1470 1569 Haec,
1522 1482 1637 1557 vel
1692 1480 1764 1555 in
1804 1477 2210 1555 laudatione
2242 1483 2482 1578 pofita,
2518 1479 2775 1580 ingen-

795 1623 962 1700 tem,
995 1599 1570 1700 magnitudinem
1610 1598 1833 1676 animi
1874 1598 2328 1674 moderandis
2352 1602 2443 1674 ad
2478 1600 2777 1676 civilem

793 1720 1121 1796 habitum
1156 1718 1544 1795 honoribus
1571 1720 2060 1820 fignificarent,
2120 1731 2304 1820 quae
2335 1725 2774 1820 exprobran-

798 1843 897 1918 do
944 1840 1278 1916 inimicus
1312 1839 1589 1916 fatetur.
1691 1839 1900 1916 Huic
1928 1841 2261 1915 Graccho
2290 1839 2651 1916 minorem
2684 1867 2777 1916 ex

799 1965 1081 2038 duabus
1113 1960 1276 2037 filiis
1308 1966 1505 2059 (nam
1541 1959 1763 2058 major
1791 1962 1871 2035 P.
1900 1959 2235 2035 Cornelio
2262 1963 2551 2036 Naficae
2572 1963 2779 2036 haud

800 2081 1022 2158 dubie
1067 2109 1110 2156 a
1135 2104 1326 2181 patre
1348 2081 1715 2156 conlocata
1742 2082 1916 2176 erat)
1957 2101 2255 2181 nuptam
2288 2080 2490 2156 fuiffe
2512 2107 2780 2157 conve-

799 2203 930 2279 nit.
1029 2204 1220 2277 Illud
1254 2227 1500 2300 parum
1535 2201 1832 2290 constat,
1869 2221 2112 2276 utrum
2144 2202 2299 2300 post
2316 2223 2631 2278 mortem
2662 2229 2783 2301 pa-

798 2322 922 2399 tris
953 2326 1020 2398 δι
1057 2321 1396 2421 desponsa
1427 2325 1530 2411 fit,
1568 2325 1638 2396 ὅτ
1672 2321 2025 2421 nupserit:
2078 2349 2168 2396 an
2202 2347 2401 2397 verae
2439 2321 2601 2397 illae
2622 2321 2783 2421 opi·

799 2437 1048 2519 niones
1081 2446 1236 2531 fint,
1265 2447 1701 2532 Gracchum,
1736 2468 1969 2541 quum
1990 2445 2081 2518 L.
2110 2442 2347 2543 Scipio
2381 2442 2457 2516 in
2486 2442 2785 2520 vincula

801 2565 1201 2653 duceretur,
1231 2591 1362 2640 nec
1397 2563 1777 2662 quisquam
1810 2567 2239 2664 collegarum
2276 2562 2549 2638 auxilio
2580 2567 2780 2653 effet,

791 2684 1069 2782 jurafl‘e,
1133 2691 1184 2728 “
1222 2684 1374 2760 Sibi
1420 2683 1833 2760 inimicitias
1866 2710 2037 2760 cum
2072 2683 2557 2784 Scipionibus,
2588 2711 2779 2786 quae

803 2814 855 2849 “
891 2803 1202 2895 fuiffent,
1289 2831 1619 2893 manere3
1706 2831 1836 2880 nec
1897 2805 1965 2880 se
2011 2804 2271 2904 gratiae
2322 2808 2785 2903 quaerendae

803 2936 853 2971 ‘⁸
885 2925 1539 3025 caufi‘aquidquatn
1568 2924 1813 3000 facere.
1878 2925 2046 3014 Sed,
2070 2925 2145 2999 in
2173 2951 2390 3026 quem
2419 2952 2784 3002 carcerem

803 3058 856 3093 ‘⁶
887 3073 1086 3148 reges
1113 3051 1204 3122 ’ἃ
1245 3045 1696 3145 imperatores
1730 3045 2043 3120 hostium
2076 3047 2460 3120 ducentem
2494 3045 2791 3122 vidiffet

803 3179 856 3214 ‘⁶
893 3171 976 3244 P.
1010 3166 1464 3256 Africanum,
1549 3165 1626 3240 in
1654 3191 1826 3242 eum
1852 3164 1919 3241 se
1952 3165 2231 3241 fratrem
2258 3165 2405 3260 ejus
2427 3165 2607 3241 duci
2632 3193 2788 3242 non

803 3300 857 3335 “
893 3289 1320 3388 paffurum.'’
1415 3289 1785 3375 Senatum,
1852 3312 1940 3361 eo
1984 3285 2101 3360 die
2137 3284 2314 3359 forte
2350 3306 2789 3361 coenantem

801 3409 878 3483 in
913 3406 1293 3507 Capitolio,
1324 3405 1849 3496 consurrexiffe,
1874 3412 1942 3481 &
1976 3404 2244 3503 petiffe,
2282 3426 2365 3480 ut
2385 3404 2570 3480 inter
2602 3432 2789 3504 epu-

801 3531 902 3604 las
954 3530 1280 3604 Graccho
1319 3528 1538 3602 filiam
1575 3525 1955 3602 Africanus
2000 3525 2483 3625 desponderet.
2590 3525 2791 3626 Qi-

803 3651 940 3724 bus
993 3647 1090 3722 ita
1133 3647 1315 3724 inter
1355 3646 1735 3746 publicum
1782 3645 2112 3721 sollemne
2169 3644 2601 3746 sponsalibus
2648 3646 2792 3722 rite

805 3767 1032 3856 factis,
1069 3795 1298 3867 quum
1329 3767 1396 3843 se
1430 3770 1735 3842 domum
1762 3767 2144 3866 recepiffet,
2184 3765 2595 3864 Scipionem
2638 3767 2791 3841 Ae·-

805 3887 1044 3964 miliae
1061 3888 1268 3963 uxori
1293 3887 1572 3976 dixiss‘e,
1608 3887 1825 3961 filiam
1848 3887 1915 3962 se
1936 3887 2285 3962 minorem
2308 3885 2791 3984 despondiffe.

805 4015 1060 4113 Qum
1115 4009 1258 4096 illa,
1320 4007 1759 4083 muliebriter
1812 4007 2377 4108 indignabunda,
2434 4005 2617 4080 nihil
2688 4009 2793 4081 de

805 4129 1180 4210 communi
1213 4127 1358 4204 filia
1376 4127 1619 4204 secum
1646 4126 2147 4218 consultatum,
2179 4125 2558 4223 adjeciffet,
2594 4152 2787 4216 non,
