3100 5359
807 609 950 682 218
1493 607 2127 683 T.L1v11

803 779 882 854 in
945 778 1522 879 supplementum
1594 778 1801 856 sociis
1874 781 2327 881 imperarent,
2395 781 2783 883 secumque

802 899 1362 1000 transportarent.
1483 899 1907 1000 Priusquam
1978 901 2057 976 in
2132 901 2531 999 provincias
2608 903 2779 978 novi

801 1019 1244 1119 magistratus
1307 1019 1945 1119 proficiscerentur,
2016 1020 2439 1122 supplicatio
2508 1023 2585 1098 in
2656 1023 2781 1098 tri-

797 1141 1034 1216 duum
1075 1167 1220 1240 pro
1273 1141 1581 1242 collegio
1636 1142 2206 1219 decemvirorum
2248 1143 2591 1242 imperata
2636 1143 2781 1218 fuit

797 1259 875 1336 in
905 1259 1246 1338 omnibus
1279 1263 1643 1361 compitis,
1691 1263 1893 1362 quod
1944 1263 2107 1340 luce
2149 1262 2330 1338 inter
2362 1265 2611 1338 horam
2642 1285 2779 1338 ter-

797 1379 974 1457 tiam
1027 1379 1250 1456 ferme
1304 1385 1374 1456 &
1425 1403 1753 1481 quartam
1786 1385 2117 1458 tenebrae
2150 1385 2441 1458 obortae
2474 1381 2777 1459 fuerant.

799 1505 898 1578 Et
941 1499 1394 1578 novemdiale
1441 1501 1865 1578 sacrificium
1904 1501 2265 1578 indietum
2299 1503 2427 1593 est,
2462 1505 2665 1602 quod
2698 1503 2778 1580 in

797 1623 1163 1699 Aventino
1189 1620 1550 1721 lapidibus
1582 1622 1883 1722 pluifl'et.
1984 1623 2365 1720 Campani,
2398 1649 2632 1723 quum
2654 1653 2778 1702 eos

799 1769 891 1818 ex
923 1741 1548 1832 senatusconsulto,
1572 1745 1773 1842 quod
1806 1742 2081 1818 fastum
2116 1764 2261 1818 erat
2290 1743 2522 1842 priore
2555 1771 2775 1834 anne,

797 1862 1114 1941 censores
1165 1865 1450 1940 Romae
1501 1863 1766 1940 censeri
1830 1863 2241 1964 coegiffent‚
2306 1869 2505 1962 (nam
2570 1887 2778 1942 antea

795 1984 1152 2060 incertum
1178 1981 1432 2074 fuerat,
1459 1984 1593 2060 ubi
1613 1982 2091 2078 censerentur)
2122 1981 2505 2083 petierunt,
2540 2005 2627 2060 ut
2644 1986 2774 2061 fibi

796 2104 988 2182 cives
1039 2106 1405 2180 Romanas
1446 2105 1713 2181 ducere
1766 2130 2022 2180 uxores
2074 2103 2362 2190 liceret;
2414 2107 2511 2192 ὅτ,
2556 2108 2605 2178 fi
2638 2105 2774 2204 qui

794 2224 992 2326 prius
1025 2224 1408 2313 duxifl‘ent,
1443 2246 1532 2299 ut
1574 2227 1830 2300 habere
1864 2251 2004 2314 eas,
2059 2229 2128 2300 ὅτ
2162 2239 2323 2299 ante
2364 2251 2520 2300 eam
2570 2225 2775 2302 diem

793 2345 969 2434 nati,
1001 2344 1300 2442 utijusti
1331 2345 1456 2421 fibi
1489 2343 1693 2420 liberi
1722 2342 2193 2444 haeredesque
2213 2345 2451 2420 effent.
2552 2347 2773 2420 Utra-

795 2493 939 2566 que
988 2491 1095 2540 res
1150 2464 1542 2564 impetrata.
1646 2467 1763 2540 De
1816 2464 2217 2540 Formianis
2262 2465 2777 2566 Fundanisque

793 2583 1289 2683 municipibus
1335 2588 1410 2658 δε
1466 2585 1936 2685 Arpinatibus
1985 2587 2073 2660 C.
2110 2583 2431 2659 Valerius
2470 2585 2775 2687 Tappus

797 2707 1127 2784 tribunus
1157 2705 1388 2804 plebis
1421 2704 1929 2806 promulgavit,
1990 2705 2099 2779 uti
2137 2705 2223 2780 iis
2257 2705 2563 2806 suffragii
2596 2707 2773 2784 latio

796 2833 996 2926 (nam
1028 2849 1188 2901 ante
1223 2829 1360 2901 fine
1379 2824 1709 2926 suffragio
1736 2827 2127 2900 habuerant
2149 2824 2543 2920 civitatem)
2576 2829 2767 2906 effet.

791 2950 1000 3024 Huic
1041 2945 1389 3047 rogationi
1447 2967 1757 3044 quatuor
1807 2944 2075 3021 tribuni
2116 2944 2371 3043 plebis,
2411 2945 2585 3046 quia
2617 2975 2770 3024 non

791 3095 882 3146 ex
935 3066 1351 3144 auitoritate
1409 3065 1686 3142 senatus
1734 3065 2061 3154 ferretur,
2107 3091 2339 3164 quum
2380 3065 2769 3144 intercede-

789 3210 970 3280 rent,
1020 3187 1286 3276 edocti,
1336 3187 1589 3285 populi
1639 3185 1800 3276 effe,
1864 3213 2011 3261 non
2044 3185 2316 3262 senatus
2336 3187 2483 3282 jus,
2524 3185 2766 3264 suffra-

789 3310 1022 3413 gium,
1050 3308 1319 3409 quibus
1342 3305 1541 3396 velit,
1588 3305 1937 3406 inpartiri,
1984 3306 2402 3382 destiterunt
2452 3306 2765 3408 incepto.

789 3430 1106 3532 Rogatio
1139 3430 1400 3528 perlata
1423 3427 1548 3516 est,
1610 3449 1695 3502 ut
1723 3425 1799 3501 in
1830 3425 2147 3502 Aemilia
2172 3426 2363 3503 tribu
2399 3428 2765 3504 Formiani

791 3553 860 3626 ὅτ
896 3548 1254 3638 Fundani,
1291 3547 1366 3623 in
1401 3545 1741 3623 Cornelia
1776 3546 2155 3647 Arpinates
2182 3546 2460 3622 ferrent.
2515 3553 2765 3648 Atque

791 3670 870 3746 in
903 3669 1014 3745 his
1039 3669 1370 3745 tribubus
1403 3689 1567 3743 tum
1602 3667 1921 3766 primum
1956 3693 2047 3741 ex
2081 3667 2362 3743 Valerio
2395 3668 2766 3766 plebiscito
2871 3696 2880 3704 ⁸

789 3793 970 3868 cenfi
1004 3787 1186 3864 sunt.
1287 3791 1404 3864 M.
1439 3787 1790 3864 Claudius
1826 3789 2215 3864 Marcellus
2256 3787 2525 3878 censor,
2585 3789 2765 3868 sorte

787 3911 1108 4009 superato
1155 3909 1252 3985 T.
1292 3907 1669 4012 Qinc'tio,
1717 3907 2019 3984 lustrum
2080 3908 2436 3984 condidit.
2536 3912 2765 3988 Censa

787 4031 950 4108 sunt
1009 4030 1282 4108 civium
1361 4028 1593 4129 capita
1646 4029 1957 4104 ducenta
2024 4029 2553 4132 quinquaginta
2594 4035 2760 4109 oc'to
