3100 5359
859 861 1923 944 TITILIVII

668 1084 2214 1182 PATAVINI

610 1350 929 1426 LIBER
980 1353 1624 1429 TRIGESIMUS
1672 1355 2217 1430 SEPTIMUS.

414 1621 477 1693 Ι.
522 1555 705 1704 L.
761 1621 1191 1696 Com-mmo
1247 1622 1605 1722 Scipione,
1657 1625 1743 1697 C.
1799 1622 2052 1696 Laelio
2096 1622 2398 1698 consuli-

410 1741 578 1828 bus,
630 1743 825 1814 nulla
868 1741 1063 1839 prius
1107 1742 1504 1818 secundum
1550 1741 1926 1842 religiones
1976 1747 2129 1817 acta
2177 1745 2252 1818 in
2298 1743 2397 1818 se-

408 1881 583 1934 natu
620 1885 731 1954 res,
771 1861 897 1950 est,
949 1889 1171 1962 quam
1218 1867 1308 1938 de
1345 1865 1643 1938 Aetolis.
1749 1867 1846 1938 Et
1891 1864 2100 1962 legati
2143 1889 2396 1938 eorum

414 1979 757 2070 institere,
830 1982 1005 2080 quia
1054 1987 1344 2059 brevem
1406 1983 1862 2060 induciarum
1923 1985 2118 2059 diem
2180 1987 2394 2059 habe-

410 2104 631 2187 bant3
686 2105 755 2174 ὅτ
810 2105 900 2177 ab
951 2105 1045 2179 T.
1100 2105 1477 2206 Qinftio,
1532 2105 1660 2203 qui
1717 2127 1876 2179 tum
1935 2108 2252 2178 Romam
2305 2130 2398 2180 ex

414 2221 721 2297 Graecia
750 2223 1077 2313 redierat,
1126 2226 1349 2322 adjuti
1400 2225 1581 2302 sunt.
1687 2225 1958 2312 Aetoli,
2011 2247 2096 2300 ut
2129 2224 2438 2322 quibus·

412 2343 573 2439 plus
608 2342 687 2416 in
722 2343 1200 2419 misericordia
1231 2346 1530 2434 senatuS,
1584 2371 1803 2443 quam
1835 2346 1908 2419 in
1941 2347 2198 2432 cauffa,
2252 2345 2398 2444 spei

412 2464 606 2550 efl'et,
656 2461 1067 2561 suppliciter
1100 2488 1421 2565 egerunt,
1456 2467 1815 2541 veteribus
1852 2464 2234 2540 benefactis
2266 2491 2396 2540 no-

411 2609 501 2656 va
530 2582 899 2682 pensantes
926 2585 1292 2661 maleficia.
1393 2588 1732 2660 Ceterum
1767 2591 1835 2659 &
1872 2585 2256 2683 praesentes
2285 2584 2393 2660 in-

412 2703 1013 2804 terrogationibus
1048 2705 1371 2803 undique
1407 2704 1834 2792 senatorum,
1889 2705 2393 2781 confeffionem

411 2824 642 2924 magis
688 2851 944 2912 noxae,
995 2851 1216 2922 quam
1262 2823 1602 2922 responsa,
1655 2825 2240 2924 exprimentium,
2292 2825 2392 2901 fa-

413 2944 833 3044 tigatisunt,
886 2949 982 3032 &,
1034 2946 1376 3020 excedere
1410 2943 1608 3019 curia
1629 2947 1819 3041 justi,
1874 2971 2218 3043 magnum
2247 2973 2394 3020 cer·
2501 3019 2510 3026 .

414 3088 652 3141 tamen
697 3055 1106 3165 praebuere.
1208 3067 1377 3138 Plus
1433 3066 1557 3153 ira,
1611 3089 1832 3162 quam
1885 3063 2392 3156 misericordia,

412 3185 491 3260 in
538 3185 773 3263 cauffa
822 3211 1073 3261 eorum
1120 3187 1435 3272 valebat;
1503 3184 1676 3282 quia
1729 3211 1876 3258 non
1929 3206 2014 3259 ut
2066 3185 2391 3262 hostibus
2455 3209 2460 3214 ·

414 3309 667 3394 mod0,
694 3305 813 3382 sed
836 3329 1205 3406 tamquam
1231 3303 1623 3380 indomitae
1653 3303 2133 3380 &insociabili
2162 3309 2390 3406 genti,

412 3425 933 3503 succensebant.
1035 3429 1171 3499 Per
1214 3423 1491 3523 aliquot
1544 3427 1695 3500 dies
1750 3451 1982 3524 quum
2037 3449 2388 3505 certatum

413 3550 605 3636 effet,
654 3547 1011 3646 postremo
1061 3571 1294 3644 neque
1342 3546 1517 3634 dari,
1573 3571 1806 3644 neque
1862 3546 2100 3645 negari
2139 3574 2390 3647 pacem

410 3667 705 3768 placuit.
808 3669 1015 3741 Duae
1051 3665 1497 3740 conditiones
1544 3667 1643 3740 eis
1677 3667 1850 3740 latae
1885 3666 2078 3740 sunt:
2133 3671 2246 3742 vel
2293 3668 2391 3743 se-

414 3787 613 3863 natui
667 3785 973 3861 liberum
1027 3785 1401 3859 arbitrium
1451 3788 1539 3859 de
1587 3785 1653 3859 se
1687 3785 2222 3884 permitterent3
2275 3792 2389 3864 vel

414 3907 611 3984 mille
658 3907 1003 3980 talentum
1056 3907 1327 3994 darent,
1380 3905 1812 4004 eosdemque
1861 3906 2127 3981 amicos
2175 3932 2388 4008 atque

415 4027 749 4104 inimicos
778 4028 1134 4100 haberent.
1240 4025 1658 4125 Exprimere
1694 4026 2178 4124 cupientibus,
2216 4055 2390 4127 qua-

418 4175 579 4225 rum
625 4173 865 4225 rerum
911 4145 987 4221 in
1037 4145 1104 4220 se
1150 4144 1519 4222 arbitrium
1567 4145 1833 4222 senatui
1877 4147 2388 4248 permitterent,
