3100 5359
637 710 781 778 422
1310 681 1408 757 T.
1508 684 1946 756 L1‘V11

637 874 788 964 des»,
822 895 1200 974 utramque
1230 872 1303 948 in
1337 874 1529 950 circo
1565 870 1950 948 Flaminio·
2050 872 2447 973 Ludosque
2475 872 2622 951 sce·

638 996 838 1071 nicos
871 994 1189 1071 triduum
1227 995 1381 1095 post
1416 992 1949 1069 dedicationem
1984 995 2234 1094 templi
2267 995 2614 1090 JunoniS,

635 1116 947 1193 biduum
967 1115 1125 1214 post
1155 1115 1456 1204 Dianae,
1484 1116 1561 1189 &
1587 1117 1894 1215 fingulos
1924 1114 2076 1190 dies
2101 1114 2274 1191 fecit
2299 1114 2376 1190 in
2397 1115 2614 1193 circo·

636 1238 845 1313 Idem
902 1235 1259 1311 dedicavit
1316 1237 1569 1310 aedem
1625 1236 1931 1311 Larium
1990 1235 2486 1313 Permarinfim
2537 1236 2616 1311 in

638 1363 939 1459 Campo.
1042 1360 1352 1432 Voverat
1374 1382 1533 1431 eam
1563 1356 1768 1431 annis
1792 1354 2138 1431 undecim
2160 1376 2323 1431 ante
2353 1358 2448 1433 L.
2471 1364 2616 1434 Ae-

637 1480 881 1557 milius
914 1477 1276 1577 Regillus,
1310 1476 1539 1551 navali
1575 1476 1848 1577 proelio
1879 1477 2207 1552 adversus
2232 1476 2620 1577 praefectos

634 1601 819 1703 regis
868 1597 1243 1674 Antiochi.
1346 1600 1574 1698 Supra
1603 1600 1836 1672 valvas
1873 1597 2122 1696 templi
2169 1601 2413 1673 tabula
2443 1626 2616 1675 cum

634 1724 849 1800 titulo
884 1723 1022 1795 hoc
1057 1721 1203 1793 fixa
1233 1718 1365 1793 estx
1422 1729 1471 1761 “
1510 1721 1782 1794 Duello
1817 1745 2084 1819 magno
2117 1716 2406 1819 regibus
2441 1721 2614 1795 diri-

639 1857 690 1890 “
728 1844 994 1919 mendo
1028 1846 1069 1886 ⁴⁸*
1120 1860 1335 1940 caput
1367 1838 1783 1939 subigendis
1809 1840 2190 1938 patrandae
2217 1839 2410 1937 pacis
2435 1843 2612 1917 haec

637 1978 687 2012 “
724 1990 967 2066 pugna
988 1959 1279 2038 exeunti
1304 1963 1396 2035 L.
1423 1958 1741 2034 Aemilio
1763 1962 1879 2034 Μ.
1897 1958 2189 2033 Aemilii
2213 1958 2365 2035 filio
2383 1959 2616 2060 auspi-

636 2100 688 2133 “
726 2086 869 2176 cio,
888 2083 1218 2183 imperi0,
1240 2079 1574 2155 felicitate
1597 2082 1973 2179 ductuque
1993 2081 2138 2176 ejus
2165 2080 2349 2155 inter
2371 2083 2614 2180 Ephe·

633 2220 685 2255 “
722 2208 907 2297 sum,
956 2209 1281 2292 Samum,
1332 2201 1781 2299 Chiumque,
1819 2200 2248 2301 inspectante
2282 2201 2424 2278 cos.
2461 2202 2612 2301 ipso

632 2341 683 2375 “
720 2329 1117 2413 Antioche,
1154 2324 1467 2400 exercitu
1504 2322 1734 2411 omni,
1781 2321 2134 2418 equitatu,
2187 2322 2608 2421 elephantis-

632 2462 683 2497 “
722 2475 893 2549 que,
944 2450 1158 2523 claffis
1201 2445 1384 2545 regis
1419 2443 1768 2520 Antiochi
1803 2464 2008 2517 antea
2041 2447 2128 2517 {ic
2165 2442 2377 2532 victa,
2431 2442 2606 2532 fusa,

634 2585 685 2619 “
724 2566 1041 2656 contusa,
1056 2565 1441 2666 fugataque
1463 2565 1589 2653 est,
1613 2562 1860 2660 ibique
1881 2589 1969 2637 eo
1989 2562 2104 2639 die
2125 2589 2335 2638 naves
2353 2564 2607 2663 longae

630 2705 681 2739 “
717 2716 887 2770 curn
936 2687 1275 2763 omnibus
1320 2684 1524 2760 sociis
1571 2707 1813 2784 captae
1863 2685 2107 2759 LXII.
2214 2686 2322 2758 Ea
2361 2709 2610 2785 pugna

630 2826 683 2859 “
720 2830 1058 2913 pugnata,
1094 2834 1217 2883 rex
1250 2806 1657 2885 Antiochus
1689 2830 2140 2905 regnumque
2177 2810 2224 2857 ἢ*
2263 2808 2330 2877 '2
2433 2805 2608 2902 Ejus

630 2948 682 2981 “
720 2933 818 3011 rei
846 2958 1015 3032 ergo
1034 2931 1285 3005 aedem
1316 2926 1624 3002 Laribus
1644 2923 2068 3000 Permarinis
2091 2924 2358 3000 vovit.”
2459 2928 2606 3001 Eo-

630 3060 798 3133 dem
842 3054 1177 3151 exemplo
1228 3050 1470 3125 tabula
1518 3047 1598 3120 in
1649 3047 1824 3120 aede
1869 3044 2071 3141 Jovis
2118 3044 2195 3120 in
2241 3044 2604 3147 Capitolio

629 3178 834 3279 supra
862 3176 1095 3251 valvas
1128 3174 1271 3245 fixa
1302 3170 1425 3245 est.

726 3300 929 3374 LIII.
1034 3291 1297 3379 Bidu0,
1347 3314 1499 3388 quo
1549 3286 1868 3363 senatum
1901 3289 2228 3386 legerunt
2259 3286 2602 3377 censores,

627 3426 741 3522 Q
774 3415 1070 3494 Fulvius
1118 3411 1392 3499 consul,
1443 3408 1800 3509 profectus
1837 3407 1912 3481 in
1949 3406 2285 3506 LigureS,
2336 3433 2461 3506 per
2489 3407 2602 3482 in-

627 3540 781 3616 vios
816 3557 1091 3613 montes
1142 3532 1490 3629 vallesque
1546 3528 1754 3605 saltus
1798 3554 1969 3603 cum
2019 3527 2340 3603 exercitu
2385 3528 2602 3603 trans-

628 3663 914 3762 greffus‚
950 3658 1157 3758 fignis
1190 3655 1485 3731 conlatis
1514 3677 1686 3727 cum
1715 3649 1912 3724 hoste
1945 3647 2328 3749 pugnavit:
2369 3673 2604 3748 neque

625 3802 904 3859 tantum
958 3778 1109 3854 acie
1156 3776 1357 3864 vicit,
1410 3774 1529 3849 sed
1583 3769 1800 3846 castra
1851 3796 2146 3869 quoque
2191 3771 2448 3844 eodem
2483 3770 2602 3845 die

627 3904 843 4004 cepit.
944 3897 1119 3975 Tria
1152 3895 1379 3971 millia
1403 3891 1699 3968 ducenti
1736 3890 2077 3978 hostium,
2113 3888 2490 3988 omnisque
2521 3916 2604 3965 ea

628 4024 825 4124 regio
862 4022 1221 4121 Ligurum
1256 4018 1331 4091 in
1376 4013 1821 4090 deditionem
1855 4010 2074 4086 venit.
2178 4008 2447 4085 Consul
2479 4010 2602 4085 de-

626 4146 816 4223 ditos
867 4143 941 4219 in
994 4138 1413 4239 campestres
1458 4158 1664 4235 agros
1717 4130 2050 4221 deduxit,
2115 4130 2599 4231 praefidiaque
