3100 5359
834 738 910 812 L
962 762 990 809 1
1051 761 1092 810 Β
1145 759 1190 808 ε
1241 758 1290 808 R
1347 688 1823 808 'xxxx-³111.
2180 757 2321 833 217

337 935 700 988 annonam
731 911 1192 1008 compressam
1225 909 1677 982 damnarunt.
1782 909 1878 980 Et
1904 903 2150 980 aedilis
2170 909 2319 1004 ple-

345 1033 454 1109 bis
485 1030 928 1132 QFulvius
963 1032 1264 1104 Flaccus
1298 1030 1448 1102 duo
1483 1032 1674 1127 figna
1700 1048 1963 1116 aurata,
2014 1051 2165 1101 uno
2199 1052 2321 1102 reo

345 1157 714 1242 damnate,
783 1157 982 1250 (nam
1043 1148 1411 1249 separatim
1477 1147 1999 1241 accusaverant)
2062 1147 2320 1246 posuit.

346 1277 644 1374 Collega
670 1273 820 1370 ejus
855 1277 950 1346 A.
985 1270 1340 1346 Caecilius
1385 1269 1751 1344 neminem
1786 1268 2319 1344 condemnavit.

349 1396 552 1472 Ludi
599 1390 921 1470 Romani
975 1413 1104 1479 ter,
1161 1389 1416 1490 plebeji
1465 1389 1852 1489 quinquies
1886 1391 2019 1465 toti
2052 1391 2325 1466 instau-

349 1516 502 1592 rati.
605 1518 724 1591 M.
761 1513 1083 1588 Valerius
1119 1513 1438 1587 Messalla
1458 1511 1715 1586 inde&
1740 1514 1827 1586 C.
1864 1511 2123 1586 Livius
2153 1512 2325 1587 Sali-

349 1658 550 1713 nator
577 1635 1024 1711 consulatum
1051 1632 1292 1710 idibus
1319 1631 1605 1707 Martiis
1634 1658 1865 1731 quum
1888 1631 2194 1723 inissent,
2230 1635 2323 1708 de

347 1757 744 1856 republica,
773 1757 1011 1854 deque
1035 1753 1415 1853 provinciis
1438 1759 1506 1827 ὅτ
1539 1752 1973 1828 exercitibus
2004 1753 2325 1830 senatum

346 1877 883 1954 consuluerunt.
978 1879 1092 1950 De
1129 1873 1414 1949 Aetolia
1443 1874 1520 1945 &
1550 1875 1720 1949 Afia
1748 1874 1928 1948 nihil
1962 1897 2325 1950 mutatum

347 1999 470 2074 est.
574 1994 1034 2084 Consulibus»,
1088 1994 1282 2069 alteri
1313 1993 1508 2069 Pisae
1539 2021 1712 2070 cum
1746 1995 2173 2100 LiguribuS,
2228 1997 2327 2070 al-

349 2118 482 2195 teri
529 2118 768 2194 Gallia
808 2115 1176 2216 provincia
1219 2118 1500 2190 decreta
1529 2116 1653 2190 est.
1756 2119 2182 2213 Comparare
2216 2114 2327 2190 in-

349 2265 458 2316 ter
481 2239 579 2328 se,
633 2259 758 2313 aut
791 2237 1014 2312 sortiri
1035 2238 1224 2334 juffi,
1287 2235 1364 2308 δε
1410 2263 1633 2311 novos
1693 2234 2073 2325 exercituS,
2127 2236 2329 2313 binas

349 2361 699 2462 legioneS,
752 2359 1076 2447 scribere,
1145 2363 1214 2433 Sc
1283 2380 1363 2433 ut
1429 2355 1635 2432 sociis
1700 2356 1949 2432 Latini
2013 2354 2331 2434 nominis

349 2480 582 2582 quina
627 2483 816 2556 dena
859 2479 1084 2554 millia
1135 2476 1467 2577 peditum
1520 2477 1970 2576 imperarent,
2013 2481 2083 2552 ὅτ
2133 2477 2331 2556 mille

347 2609 422 2679 ὅτ
451 2605 801 2678 ducentos
823 2599 1120 2700 equites.
1221 2600 1582 2673 Meffallae
1605 2597 1939 2698 Ligure3‚
1961 2598 2332 2676 Salinatori

349 2721 625 2824 obtigit
664 2720 919 2797 Gallia.
1032 2724 1392 2795 Praetores
1431 2718 1601 2793 inde
1645 2718 1865 2794 sortiti
1922 2719 2104 2796 sunt.
2208 2724 2327 2796 M.

349 2840 668 2920 Claudio
709 2844 1006 2930 urbana,
1057 2843 1138 2916 P.
1173 2838 1481 2916 Claudio
1528 2839 1899 2939 peregrina
1929 2839 2331 2936 jurisdietio

351 2956 620 3042 evenit.
719 2960 1178 3064 QMarcius
1210 2960 1551 3049 Siciliam,
1586 2964 1673 3037 C.
1694 2961 2067 3037 Stertinius
2100 2963 2335 3038 Sardi-

351 3087 580 3174 niam,
623 3087 719 3160 L.
752 3083 1081 3158 Manlius
1103 3081 1530 3179 Hispaniam
1562 3081 1985 3172 citeriorem,
2022 3086 2108 3159 C.
2170 3083 2332 3158 Ati·-

353 3207 522 3283 nius
554 3203 964 3280 ulteriorem
1001 3204 1101 3278 est
1130 3201 1435 3277 sortituS.

449 3327 813 3404 XXXVI.
916 3327 1030 3399 De
1075 3322 1504 3398 exercitibus
1539 3321 1637 3397 ita
1670 3322 1959 3422 placuit.
2064 3327 2131 3398 E
2166 3327 2338 3400 Gal·

355 3447 448 3523 lia
502 3445 848 3546 legiones»,
901 3471 1084 3544 quae
1137 3444 1266 3520 sub
1305 3446 1392 3520 C.
1429 3443 1683 3519 Laelio
1718 3443 2023 3533 fuerant,
2078 3447 2172 3520 ad
2211 3449 2331 3522 M.

358 3567 737 3645 Tuccium
798 3585 1320 3666 propraetorem
1366 3565 1444 3638 in
1499 3563 1809 3639 Bruttios
1862 3565 2181 3641 traduci:
2238 3573 2335 3658 ὅτ,

357 3689 487 3791 qui
524 3688 606 3762 in
635 3687 873 3763 Sicilia
898 3689 1091 3777 effet,
1125 3685 1396 3761 dimitti
1432 3685 1868 3761 exercitum:
1924 3685 2001 3758 δε
2027 3689 2333 3780 claffem,

359 3817 550 3912 quae'
589 3807 696 3884 ibi
728 3810 921 3897 effet,
955 3811 1270 3883 Romam
1304 3808 1639 3882 reducere
1676 3810 1793 3882 M.
1830 3809 2336 3908 Sempronium

359 3952 907 4031 propraetorem.
1007 3927 1379 4027 Hispaniis
1422 3928 1737 4028 legiones
1782 3931 2114 4028 lingulae,
2152 3955 2337 4029 quae

363 4074 520 4128 tum
569 4051 650 4126 in
683 4049 771 4126 iis
803 4049 1188 4148 provinciis
1221 4069 1441 4139 erant,
1503 4051 1867 4125 decretae:
1921 4053 1990 4124 &
2024 4070 2110 4123 ut
2142 4073 2338 4128 terna

363 4173 592 4251 millia
625 4171 986 4274 peditum,
1049 4174 1368 4248 ducenos
1399 4170 1681 4269 equites
1726 4175 1945 4248 ambo
1987 4189 2337 4272 praetores
