3100 5359
735 763 870 840 132
1367 737 1997 812 T.L1v11

731 915 903 988 dam
983 912 1384 990 amicorum
1465 917 1867 1011 Apameam
1924 911 2373 1011 praegressos,
2440 915 2511 985 δε
2566 909 2711 1010 ipfe

731 1053 981 1133 quarta
1001 1031 1250 1133 vigilia
1268 1059 1437 1108 cum
1460 1035 1767 1132 conjuge
1801 1058 1882 1107 ac
1912 1030 2061 1106 filia
2076 1029 2255 1132 petit
2282 1036 2708 1130 Apameam,

733 1153 1017 1230 Zenoni
1083 1154 1338 1230 tradita
1381 1153 1709 1228 custodia
1756 1151 1979 1240 urbis,
2062 1150 2379 1226 Timone
2430 1149 2711 1250 Lydiae

733 1276 1160 1374 praepofito:
1198 1273 1463 1373 quibus
1498 1273 1765 1373 spretis,
1812 1270 2149 1348 consensu
2184 1270 2709 1372 oppidanorum

737 1397 806 1468 δι
841 1392 1186 1483 militum,
1221 1394 1349 1494 qui
1386 1393 1462 1469 in
1495 1421 1651 1470 arce
1698 1414 1918 1481 erant,
1952 1392 2166 1494 legati
2226 1395 2317 1470 ad
2348 1393 2711 1470 consulem

731 1511 912 1590 miffi
934 1513 1118 1590 sunt.

833 1637 1076 1711 XLV.
1127 1638 1278 1711 Sub
1301 1634 1494 1711 idern
1515 1632 1658 1709 fere
1688 1655 1971 1733 tempus
2000 1637 2065 1710 &
2094 1637 2185 1710 ab
2212 1634 2599 1722 TrallibuS,
2640 1639 2713 1710 δε

733 1783 777 1832 a
813 1757 1202 1857 Magnesia,
1239 1783 1422 1853 quae
1456 1755 1661 1854 super
1706 1757 2185 1831 Maeandrum
2266 1756 2390 1844 est,
2468 1758 2545 1830 ὅτ
2624 1758 2714 1832 ab

739 1876 1020 1978 Epheso
1071 1877 1280 1978 legati
1329 1877 1422 1951 ad
1457 1877 1819 1950 dedendas
1852 1879 2064 1952 urbes
2096 1897 2465 1952 venerunt.
2566 1879 2712 1950 Re·

731 1999 1036 2100 liquerat
1069 1997 1434 2096 Ephesum
1467 1995 1971 2095 Polyxenidas,
2038 1996 2283 2072 audita
2309 2023 2583 2096 pugna,
2610 2001 2709 2084 ἃ,

739 2121 943 2198 classe
971 2120 1198 2218 usque
1232 2120 1322 2192 ad
1351 2122 1597 2192 Patara
1628 2114 1898 2214 Lyciae
1920 2119 2313 2216 pervectus,
2360 2139 2557 2192 metu
2586 2118 2713 2192 sta-

737 2240 960 2317 tionis
1027 2239 1488 2314 Rhodiarum
1564 2237 1883 2326 navium,
1953 2264 2136 2337 quae
2200 2241 2293 2313 ad
2355 2237 2715 2338 Megisten

739 2383 911 2451 erat,
946 2359 1022 2434 in
1055 2380 1306 2435 terram
1342 2359 1672 2458 egressus,
1708 2383 1877 2430 cum
1912 2355 2161 2455 paucis
2196 2356 2441 2433 itinere
2474 2357 2715 2457 pedes·

744 2483 835 2558 tri
863 2479 1137 2581 Syriam
1173 2479 1402 2578 petiit.
1504 2481 1705 2552 Aliae
1752 2475 2067 2552 civitates
2102 2476 2177 2552 in
2211 2479 2429 2552 fidem
2464 2476 2715 2552 consu-

740 2604 828 2679 lis
893 2601 1389 2699 ditionemque
1441 2597 1695 2698 populi
1756 2597 2074 2674 Romani
2132 2596 2265 2672 sese
2330 2599 2715 2673 tradebant.

741 2721 1080 2800 Sardibus
1133 2719 1286 2816 jam
1353 2717 1599 2794 consul
1660 2739 1823 2790 erat.
1938 2721 2051 2792 Eo
2117 2723 2184 2793 ὅτ
2232 2722 2313 2793 Ρ.
2344 2717 2585 2816 Scipio
2626 2723 2719 2794 ab

745 2843 985 2929 Elaea,
1043 2863 1273 2938 quum
1327 2838 1641 2937 primum
1691 2839 1835 2940 pati
1888 2841 2202 2916 laborem
2249 2839 2404 2913 viae
2460 2839 2719 2938 potuit,

741 2961 962 3038 venit.
1063 2961 1214 3034 Sub
1254 2958 1448 3034 idern
1485 2958 1627 3035 fere
1662 2983 1947 3061 tempus
1980 2962 2401 3034 caduceator
2440 2963 2536 3034 ab
2566 2966 2724 3034 An-

739 3083 987 3161 tiocho
1023 3107 1150 3179 per
1184 3084 1265 3154 P.
1302 3078 1717 3178 Scipionem
1774 3109 1815 3156 a
1862 3079 2147 3156 consule
2204 3079 2434 3178 petiit,
2496 3081 2723 3180 impe-

743 3203 1123 3304 travitque,
1183 3223 1266 3274 ut
1303 3223 1605 3276 oratores
1638 3202 1919 3278 mittere
1978 3200 2219 3276 liceret
2266 3200 2441 3298 regi.
2540 3205 2725 3278 Pau-

744 3352 865 3402 cos
898 3323 1056 3424 post
1087 3321 1241 3398 dies
1269 3321 1571 3412 Zeuxis,
1608 3323 1737 3421 qui
1761 3321 2150 3423 praefestus
2172 3321 2449 3420 Lydiae
2468 3319 2726 3411 fuerat,

747 3450 818 3521 ὅτ
875 3443 1254 3542 Antipater
1313 3441 1540 3518 fratris
1602 3442 1793 3517 filius
1856 3465 2225 3517 venerunt.
2328 3441 2467 3530 Hi,
2534 3443 2733 3541 prius

749 3569 1080 3640 Eumene
1114 3586 1496 3652 convente,
1554 3589 1777 3662 quem
1826 3583 2113 3664 propter
2143 3583 2375 3637 vetera
2408 3561 2735 3638 certami-

747 3713 840 3762 na
868 3683 1190 3760 aversum
1225 3681 1542 3758 maxime
1579 3711 1619 3758 a
1653 3710 1827 3783 pace
1862 3685 2243 3758 credebant
2272 3687 2433 3772 effe,
2470 3689 2541 3760 δε
2574 3686 2733 3784 pla-

751 3805 1014 3882 catiore
1058 3829 1148 3879 eo
1196 3805 1273 3878 δε
1325 3801 1447 3879 sua
1499 3809 1565 3879 ac
1636 3805 1819 3903 regis
1880 3804 1997 3904 spe
2058 3805 2375 3894 invento,
2438 3828 2597 3879 tum
2643 3808 2733 3879 P.

751 3924 1197 4024 Scipionem,
1231 3929 1299 3999 ὅτ
1328 3950 1453 4024 per
1486 3951 1657 3999 eum
1694 3925 2081 4016 consulem,
2144 3925 2503 4002 adierunt:
2540 3951 2739 4024 prae-

751 4046 1050 4146 bitoque
1093 4044 1182 4121 iis
1213 4044 1622 4144 petentibus
1656 4045 2007 4145 frequenti
2060 4045 2351 4122 confilio
2382 4048 2475 4120 ad
2530 4071 2733 4120 man-

750 4169 914 4245 data
962 4167 1266 4256 edenda,
1347 4179 1398 4212 “
1437 4169 1613 4242 Non
1673 4189 1845 4256 tam,
1927 4167 2109 4267 quid
2176 4166 2297 4268 ipfi
2370 4165 2731 4255 dicamuS,
