3100 5359
739 665 878 758 248
1401 663 2043 738 T.L1v11

745 845 796 878 ‘⁶
833 832 1028 909 sensu
1081 831 1490 930 pervenisse,
1547 853 1634 908 ut
1684 833 1815 910 sub
1847 833 2123 912 Rostris
2152 859 2355 911 reum
2384 833 2584 922 stare,
2634 835 2707 908 δι

743 965 795 999 “
833 957 1166 1054 praebere
1211 979 1410 1028 aures
1442 952 1999 1030 adolescentium
2032 953 2401 1043 conviciis,
2435 955 2708 1052 populo

743 1085 792 1118 “
831 1077 1171 1149 Romano
1195 1073 1420 1174 magis
1452 1073 1797 1165 deforme,
1832 1101 2052 1173 quam
2086 1075 2235 1174 ipfi,
2268 1077 2415 1148 fit.'’

841 1196 1046 1268 LIII.
1149 1193 1438 1290 Adjecit
1489 1195 1774 1270 decreto
1803 1193 2415 1292 indignationem:
2468 1203 2519 1238 ‘⁶
2556 1195 2710 1268 Sub

747 1323 798 1356 “
835 1311 1142 1412 pedibus
1165 1311 1402 1388 vestris
1437 1312 1669 1401 stabit,
1704 1311 2001 1402 tribuni,
2033 1314 2345 1390 domitor
2369 1313 2488 1388 ille
2516 1313 2710 1388 Afri-

747 1443 800 1476 “
835 1459 986 1520 cae,
1041 1431 1336 1529 Scipio?
1388 1431 1555 1508 ideo
1614 1455 1921 1532 quatuor
1978 1433 2437 1509 nobiliffimos
2490 1435 2711 1508 duces

749 1562 801 1596 “
839 1555 1244 1626 Poenorum
1279 1549 1353 1626 in
1389 1552 1765 1651 Hispania,
1816 1573 2123 1651 quatuor
2148 1553 2494 1630 exercitus
2520 1551 2710 1628 fudit

751 1681 802 1716 “
841 1670 1299 1771 fugavitque:
1355 1672 1520 1746 ideo
1552 1675 1950 1772 Syphacem
1970 1672 2185 1770 cepit,
2222 1673 2709 1748 Hannibalem

752 1802 802 1835 “
841 1791 1130 1880 devicit,
1199 1792 1709 1892 Karthaginem
1762 1792 2183 1890 vectigalem
2246 1791 2451 1868 nobis
2516 1791 2709 1878 fecit,

753 1922 806 1956 “
841 1912 1290 1986 Antiochum
1318 1911 1613 2010 (recepit
1642 1911 1834 1986 enim
1856 1910 2135 1986 fratrem
2162 1911 2553 1988 consortem
2582 1915 2713 1986 hu-

754 2042 804 2076 “
829 2033 950 2129 jus
1009 2031 1269 2131 gloriae
1333 2035 1425 2106 L.
1461 2031 1730 2131 Scipio)
1771 2033 1953 2106 ultra
1977 2032 2201 2107 Tauri
2216 2034 2394 2132 juga
2420 2032 2713 2119 emovit,

757 2162 808 2196 “
847 2173 930 2226 ut
993 2153 1280 2226 duobus
1337 2151 1629 2226 Petilliis
1695 2151 2215 2242 subcumberet,
2290 2181 2415 2228 vos
2476 2155 2569 2228 de
2636 2156 2715 2227 P.

759 2282 808 2316 “
845 2270 1186 2346 Africano
1229 2274 1534 2370 palmam
1588 2271 1968 2370 peteretis?
2071 2275 2147 2347 N
2154 2272 2397 2348 ullisne
2450 2272 2719 2348 meritis

757 2403 806 2437 “
846 2391 1012 2479 suiS,
1060 2391 1271 2466 nullis
1303 2390 1544 2466 vestris
1576 2391 1965 2467 honoribus
1996 2415 2342 2492 umquam
2380 2392 2451 2466 in
2484 2419 2719 2468 arcem

759 2524 810 2557 “
848 2533 1074 2586 tutam
1099 2517 1164 2585 δε
1187 2513 1382 2584 velut
1409 2509 1714 2585 sanciam
1738 2511 1897 2586 clari
1924 2510 2053 2586 viri
2076 2514 2523 2612 pervenient:
2563 2511 2717 2600 ubi,

759 2641 810 2676 “
847 2635 896 2704 fi
949 2656 1093 2704 non
1127 2629 1571 2718 venerabilis,
1622 2629 1955 2706 inviolata
1987 2632 2225 2708 saltem
2259 2633 2572 2708 senectus
2606 2660 2718 2707 eo·

749 2761 804 2797 “
839 2779 998 2827 rum
1019 2751 1326 2827 confidat
1353 2753 1427 2824 ?”
1525 2751 1771 2827 Movit
1808 2757 1876 2826 ὃς
1922 2754 2313 2841 decretum,
2347 2755 2418 2825 &
2452 2754 2719 2850 adjecta

759 2869 982 2946 oratio
1013 2897 1158 2944 non
1179 2893 1445 2946 ceteros
1479 2873 1725 2959 modo,
1754 2870 1873 2946 sed
1908 2871 2091 2970 ipsos
2126 2873 2337 2948 etiarn
2369 2872 2721 2948 accusato-

761 3017 902 3066 res:
957 2996 1053 3079 ὅτ,
1083 2991 1583 3066 deliberaturos
1612 2990 1705 3082 se,
1746 2991 1927 3090 quid
1962 2992 2253 3089 suijuris
2284 2997 2351 3068 ὅτ
2382 2993 2601 3067 officii
2628 2993 2723 3068 es-

765 3112 888 3201 set,
923 3112 1283 3186 dixerunt.
1383 3114 1675 3186 Senatus
1708 3111 1995 3203 deinde,
2030 3112 2338 3188 concilio
2358 3113 2588 3210 plebis
2618 3113 2724 3188 di-

763 3231 996 3320 miffo,
1048 3231 1288 3306 haberi
1325 3231 1424 3306 est
1449 3252 1767 3330 coeptus.
1869 3231 1979 3308 Ibi
2006 3232 2265 3330 gratiae
2302 3233 2621 3334 ingentes
2639 3238 2727 3309 ab

765 3349 1091 3425 universo
1131 3350 1407 3438 ordine,
1441 3351 1819 3449 praecipue
1850 3346 2407 3428 a'consularibus
2446 3352 2729 3430 seniori·

763 3469 1064 3570 busque,
1113 3470 1234 3546 Ti.
1271 3473 1600 3546 Graccho
1642 3475 1833 3546 actae
1880 3470 2065 3561 sunt,
2118 3475 2319 3572 quod
2344 3474 2731 3573 rempubli-

767 3617 926 3664 cam
975 3591 1259 3692 privatis
1317 3591 1787 3666 simultatibus
1839 3591 2188 3690 potiorem
2220 3593 2610 3670 habuisset:
2664 3601 2732 3670 δε

770 3708 1032 3784 Petillii
1075 3711 1310 3786 vexati
1360 3710 1520 3786 sunt
1551 3711 1853 3809 probris,
1887 3714 2091 3811 quod
2124 3711 2484 3811 splendere
2512 3718 2736 3792 aliena

767 3828 1040 3904 invidia
1083 3832 1482 3922 voluiffent,
1539 3831 1615 3902 ὅτ,
1644 3830 1862 3930 spolia
1886 3858 1979 3906 ex
2013 3832 2335 3910 Africani
2369 3835 2735 3936 triumpho

767 3969 1107 4049 peterent.
1213 3949 1622 4025 'Silentium
1688 3951 1951 4026 deinde
2012 3953 2103 4027 de
2169 3953 2516 4046 African-o
2578 3955 2747 4031 fuit.-

772 4069 1012 4147 Vitam
1045 4070 1324 4148 Literni
1359 4071 1504 4172 egit
1539 4075 1677 4146 fine
1712 4071 2059 4147 defiderio
2092 4074 2309 4151 urbis.
2414 4077 2733 4152 Morien-
