3100 5359
732 656 967 737 ¹122
1464 661 2100 734 T.L1v11

818 834 1171 935 peditum,
1216 836 1375 931 plus
1423 834 1812 910 duodecim
1865 834 2088 909 millia
2138 833 2458 925 equiturn
2505 834 2780 911 animos

818 955 1175 1029 interdum
1226 956 1317 1029 ad
1367 953 1562 1051 spem
1609 953 2010 1029 certaminis
2059 953 2410 1028 faciebant
2435 986 2460 1041 3
2545 978 2784 1032 motus

816 1097 1053 1149 tamen
1085 1074 1487 1148 Antiochus
1532 1074 1706 1148 tanti
1741 1072 2150 1148 auctoritate
2199 1073 2362 1162 viri,
2397 1072 2472 1147 in
2509 1100 2660 1172 quo
2691 1080 2782 1153 ad

817 1196 1119 1271 incertos
1146 1192 1312 1267 belli
1340 1214 1630 1267 eventus
1662 1192 1894 1267 omnis
1919 1191 2240 1268 fortunae
2264 1192 2586 1292 posuerat
2617 1194 2777 1272 sub·

816 1313 1009 1402 fidia,
1073 1312 1334 1411 recepit
1377 1313 1469 1403 se,
1524 1311 1966 1412 transgressus
2017 1313 2410 1413 Phrygium
2468 1340 2780 1405 amnem,

816 1434 1141 1531 circaque
1173 1436 1641 1532 Magnesiam,
1689 1458 1870 1531 quae
1899 1434 1991 1507 ad
2020 1433 2344 1532 Sipylum
2379 1434 2503 1523 est,
2549 1435 2786 1534 posuit

816 1554 1066 1631 castra:
1120 1557 1216 1641 &,
1269 1579 1385 1640 ne,
1436 1556 1481 1626 fi
1532 1554 1886 1628 extrahere
1937 1574 2216 1653 tempus
2263 1555 2498 1643 vellet,
2539 1558 2780 1632 muni-

814 1695 1055 1751 menta
1082 1672 1396 1748 Romani
1431 1693 1798 1760 tentarent,
1831 1670 2073 1747 foffam
2107 1673 2224 1753 sex
2257 1675 2502 1749 cubita
2535 1679 2781 1766 altam,

817 1792 1205 1869 duodecim
1238 1795 1449 1867 latam
1484 1818 1714 1891 quum
1742 1791 2070 1880 duxisset,
2107 1814 2304 1868 extra
2335 1796 2608 1893 duplex
2638 1800 2782 1872 val-

816 1916 969 1991 lum
1023 1914 1231 1988 foffae
1290 1911 1809 1987 circumdedit:
1863 1912 2187 1987 interiore
2243 1915 2439 1988 labro
2483 1943 2782 1993 murum

816 2062 987 2111 cum
1028 2032 1343 2108 turribus
1394 2030 1653 2107 crebris
1698 2030 1957 2127 objecit
1977 2065 2001 2119 3
2051 2033 2246 2106 unde
2309 2032 2514 2109 facile
2565 2035 2782 2113 arceri

814 2159 1095 2231 tranfitu
1124 2153 1329 2228 foffae
1364 2151 1578 2226 hostis
1611 2154 1852 2248 poffet.

906 2275 1333 2350 XXXVIII.
1385 2269 1677 2358 Consul,
1737 2269 1922 2345 circa
1953 2271 2292 2368 Thyatira
2347 2299 2585 2373 regem
2635 2277 2770 2350 effe

814 2416 1026 2484 ratus,
1080 2391 1437 2470 continuis
1482 2388 1852 2464 itineribus
1903 2390 2156 2488 quinto
2210 2391 2326 2467 die
2355 2394 2448 2467 ad
2494 2397 2780 2492 Hyrca-

814 2532 993 2590 num
1031 2537 1365 2611 campum
1404 2509 1789 2585 descendit.
1889 2511 2064 2587 Inde
2112 2538 2341 2610 quum
2381 2512 2780 2611 profectum

814 2633 1133 2719 audiffet,
1169 2630 1443 2705 secutus
1478 2628 1768 2727 vestigia
1814 2628 1986 2704 citra
2029 2632 2428 2731 Phrygium
2463 2658 2780 2721 amnem,

815 2772 1118 2852 quatuor
1150 2748 1373 2823 millia
1401 2750 1489 2823 ab
1534 2748 1756 2836 hoste,
1809 2749 2042 2847 posuit
2087 2752 2321 2826 castra.
2425 2756 2536 2829 Eo
2581 2755 2780 2830 mille

814 2873 1031 2948 ferme
1077 2868 1375 2967 equites,
1414 2868 1758 2965 (maxima
1789 2894 1944 2965 pars
1979 2871 2418 2969 Gallograeci
2455 2896 2674 2962 erant,
2711 2880 2778 2949 &

817 2995 1063 3069 Dahae
1081 2988 1403 3089 quidam,
1426 2987 1860 3088 allatumque
1881 2988 2204 3087 gentium
2226 2989 2555 3088 sagittarii
2573 2992 2776 3092 equi-

816 3134 917 3187 tes
945 3107 1363 3203 intermixti)
1402 3106 1833 3181 tumultuose
1864 3134 2069 3183 amne
2100 3109 2406 3205 trajeetO,
2441 3112 2518 3185 in
2547 3112 2780 3187 statio-

815 3257 937 3306 nes
962 3231 1282 3330 inpetum
1314 3227 1652 3303 fecerunt.
1734 3226 1976 3301 Primo
2009 3231 2468 3304 turbaverunt
2501 3231 2778 3308 incom-

812 3354 1085 3451 pofitos.
1186 3346 1496 3435 Deinde,
1550 3370 1782 3445 quum
1833 3347 2116 3447 longius
2169 3370 2522 3425 certamen
2553 3354 2777 3441 fieret,

814 3474 1337 3558 Romanorum,
1372 3494 1463 3541 ex
1500 3464 1918 3566 propinquis
1949 3467 2181 3542 castris
2212 3467 2400 3544 facili
2447 3468 2777 3561 subfidio,

815 3590 1143 3667 cresceret
1194 3612 1557 3675 numerus,
1612 3585 1812 3686 regii,
1860 3586 2003 3662 feffi
2045 3588 2196 3683 jam
2241 3589 2322 3683 ὃς
2351 3591 2586 3687 plures
2631 3618 2778 3667 non

815 3705 1249 3797 sustinentes,
1302 3707 1609 3804 recipere
1641 3704 1708 3781 se
1743 3707 2002 3796 conati,
2038 3707 2223 3783 circa
2251 3708 2476 3806 ripam
2521 3712 2776 3801 amnis,

812 3829 1221 3929 priusquam
1284 3828 1555 3901 flumen
1606 3826 2160 3926 ingrederentur,
2211 3832 2302 3903 ab
2363 3828 2780 3908 instantibus

812 3972 1011 4049 tergo
1062 3947 1333 4045 aliquot
1370 3945 1716 4021 interfecti
1759 3946 1941 4023 sunt.
2041 3948 2358 4023 Biduum
2403 3948 2664 4025 deinde
2699 3953 2776 4025 fi-

814 4068 1115 4145 lentium
1180 4066 1342 4158 fuit,
1405 4066 1672 4143 neutris
1742 4066 2406 4168 transgredientibus
2467 4094 2774 4145 amnem.
