3100 5359
928 712 1002 785 L
1055 736 1084 785 1
1142 738 1184 786 B
1241 730 1286 786 Ε
1341 736 1390 785 κ
1491 709 1845 789 XXXVI.
2274 734 2365 813 55

403 884 552 959 huc
585 880 866 957 Romae
885 884 968 959 P.
996 884 1331 983 Cornelio
1357 883 1665 974 consule,
1700 888 2113 985 agebantur,
2146 886 2366 960 boves

405 1004 590 1077 duos
643 1002 955 1077 domitos
1013 1004 1090 1078 in
1149 1003 1422 1079 Carinis
1471 1031 1595 1104 per
1627 1005 1833 1079 scalas
1870 1002 2251 1102 pervenisse
2288 1002 2366 1077 in

406 1124 676 1222 tegulas
721 1120 1058 1213 aedificii,
1138 1124 1505 1223 proditum
1568 1124 1945 1199 memoriae
1999 1125 2119 1199 est.
2222 1126 2367 1197 Eos

411 1242 610 1319 vivos
642 1244 996 1331 comburi,
1027 1242 1478 1342 cineremque
1511 1269 1761 1319 eorum
1794 1242 2003 1341 dejici
2036 1243 2113 1318 in
2145 1243 2369 1319 Tibe-

412 1360 576 1452 rim,
632 1362 976 1464 aruspices
1001 1364 1370 1460 jufl‘erunt.
1455 1364 1873 1438 Tarracinae
1908 1370 1975 1439 ὅτ
2011 1360 2368 1439 Amiterni

412 1483 827 1558 nunciatum
879 1484 980 1558 est
1009 1482 1382 1583 aliquoties
1409 1482 1765 1583 lapidibus
1809 1483 2057 1581 pluiffe
2072 1518 2095 1572 3
2166 1482 2371 1558 Min-

413 1604 641 1677 turnis
659 1606 906 1678 aedem
926 1603 1127 1700 Jovis
1160 1607 1229 1679 δι
1263 1607 1579 1679 tabernas
1610 1603 1796 1679 circa
1826 1601 2063 1677 forum
2084 1604 2175 1677 de
2210 1629 2371 1678 coe-

413 1724 486 1797 lo
537 1726 750 1799 tactas
813 1722 985 1812 efl'e3
1057 1722 1398 1799 Vulturni
1456 1722 1530 1796 in
1586 1722 1762 1797 ostio
1813 1722 2133 1798 fluminis
2196 1724 2373 1798 duas

413 1868 624 1919 naves
651 1842 953 1919 fulmine
985 1843 1156 1919 idias
1186 1844 1654 1941 conflagraffe.
1753 1845 2025 1917 Eorum
2060 1842 2378 1942 prodigi-

414 1988 626 2039 orum
683 1962 913 2038 cauffa
967 1963 1184 2038 libros
1223 1962 1603 2061 Sibyllinos
1649 1988 1739 2036 ex
1791 1961 2379 2038 senatusconsulto

413 2084 803 2159 decemviri
861 2110 1092 2182 quum
1145 2082 1463 2171 adissent,
1514 2081 2039 2169 renunciarunt,
2092 2093 2142 2127 ‘⁶
2180 2084 2377 2180 Jeju-

415 2213 469 2247 “
504 2202 712 2279 nium
757 2203 1274 2277 instituendum
1330 2201 1569 2278 Cereri
1622 2204 1779 2291 effe,
1858 2202 1934 2273 δε
2000 2201 2078 2275 id
2123 2203 2379 2299 quinto
2480 2222 2489 2229 ·

415 2332 470 2367 “
506 2349 800 2422 quoque
827 2348 1014 2397 anno
1053 2322 1519 2398 servandum:
1573 2325 1641 2396 ὅτ
1673 2342 1758 2397 ut
1784 2321 2230 2397 novemdiale
2282 2320 2380 2396 sa-

417 2453 471 2488 “
508 2469 715 2518 crum
735 2446 954 2531 fieret,
989 2441 1063 2514 δι
1085 2467 1316 2517 unum
1343 2442 1538 2517 diem
1559 2442 1976 2541 supplicatio
2004 2442 2190 2515 esset.
2238 2444 2380 2515 Co-
2482 2460 2491 2467 ·

419 2574 472 2609 “
509 2563 736 2638 ronati
820 2561 1322 2662 supplicarent=
1397 2566 1466 2638 &
1533 2563 1777 2639 consul
1842 2567 1927 2638 P.
1980 2560 2379 2649 CorneliuS,

421 2694 475 2729 “
512 2682 778 2783 quibus
823 2682 1011 2772 Diis,
1062 2681 1468 2781 quibusque
1525 2683 1769 2758 hostiis
1830 2682 2203 2758 edidiffent
2259 2683 2383 2756 de-

422 2815 474 2849 “
512 2802 828 2890 cemviri,
877 2802 1352 2878 sacrificaret.”
1429 2802 1725 2877 Placatis
1758 2802 1946 2891 Diis,
1982 2828 2175 2877 nunc
2200 2800 2383 2877 votis

421 2924 554 2999 rite
608 2922 983 3011 solvendis,
1035 2948 1230 2996 nunc
1275 2921 1621 3022 prodigiis
1672 2921 2069 3027 expiandis,
2120 2921 2197 2994 in
2225 2946 2383 3019 pro-

421 3043 733 3119 vinciam
753 3040 1218 3140 proficiscitur
1237 3040 1506 3130 consul,
1530 3062 1745 3143 atque
1773 3042 1941 3117 inde
1968 3046 2105 3119 Cn.
2126 3040 2387 3117 Domi·
2431 3056 2439 3061 '

423 3164 610 3239 tium
630 3160 1151 3263 proconsulem,-
1171 3160 1452 3237 dimiffo
1471 3160 1816 3250 exercitu,
1840 3166 2156 3237 Romam
2182 3163 2387 3236 dece-

425 3285 590 3359 dere
598 3284 788 3380 juffit
805 3317 822 3358 ε
852 3282 994 3383 ipse
1017 3283 1092 3357 in
1113 3308 1360 3383 agrum
1374 3283 1709 3378 Bojorum
1730 3281 2041 3381 legiones
2060 3280 2371 3356 induxit.

527 3406 950 3479 XXXVIII.
1050 3405 1203 3478 Sub
1267 3402 1460 3477 idern
1515 3401 1657 3478 fere
1702 3424 1983 3500 tempus
2054 3402 2387 3502 Ligures,

427 3526 584 3623 lege
615 3522 868 3597 sacrata
897 3526 1144 3598 coasto
1199 3522 1540 3611 exercitu,
1592 3524 1798 3597 nodie
1832 3521 2187 3621 inproviso
2248 3522 2388 3599 cas-

429 3665 532 3719 tra
561 3642 1015 3744 Q'Minucii
1046 3642 1480 3742 proconsulis
1509 3645 1799 3743 adgreffi
1852 3642 2032 3718 sunt.
2134 3643 2390 3718 Minu-

431 3763 585 3839 cius
617 3760 839 3861 usque
861 3764 954 3837 ad
985 3765 1222 3838 lucem
1253 3761 1434 3838 intra
1464 3766 1731 3839 vallum
1766 3762 2069 3837 militem
2096 3762 2390 3838 instruc-

431 3893 587 3959 tum
620 3881 886 3971 tenuit3
939 3882 1277 3969 intentus,
1328 3908 1416 3955 ne
1450 3909 1595 3981 qua
1624 3882 2132 3958 transcenderet
2176 3882 2393 3955 hostis

429 4002 895 4083 munimenta.
979 4002 1218 4078 Prima
1237 4002 1396 4076 luce
1417 4003 1698 4077 duabus
1720 4004 1923 4077 simul
1947 4002 2163 4101 portis
2188 4028 2391 4098 erup-
2496 4020 2505 4027 ·

433 4124 704 4200 tionem
737 4122 928 4199 fecit.
1011 4124 1172 4198 Nec
1193 4120 1425 4222 primo
1451 4121 1727 4220 inpetu,
1762 4124 1963 4221 quod
1990 4122 2392 4221 speraverat,

1381 4264 1447 4337 E
1503 4288 1540 4362 5
