3100 5359
722 737 813 816 70
1407 707 1503 781 T.
1605 714 2042 780 L-1v11

716 883 898 958 nihil
926 881 1095 959 certi
1126 880 1539 980 responsum
1574 879 1695 955 est.
1797 881 1905 954 Ita
1931 876 2192 952 infecta
2211 901 2386 976 pace
2410 874 2700 965 dimiffi,

718 1008 893 1080 urbe
929 1004 1186 1078 eodem
1221 1001 1366 1089 die,
1402 1000 1604 1074 Italia
1638 1000 1819 1074 intra
1845 997 2268 1098 quindecim
2303 995 2456 1072 dies
2491 1022 2703 1072 exce-

717 1127 882 1200 dere
897 1123 1082 1221 juffi.
1182 1127 1386 1198 Tum
1422 1124 1513 1197 de
1540 1120 1916 1196 consulum
1943 1116 2333 1218 provinciis
2357 1139 2702 1216 coeptum

713 1245 817 1320 est
867 1241 1006 1344 agi.
1108 1244 1357 1318 Ambo
1412 1239 1790 1317 Graeciam
1850 1239 2259 1339 cupiebant.
2363 1239 2702 1328 Multum

714 1363 1005 1440 Laelius
1040 1364 1116 1438 in
1149 1361 1389 1438 senatu
1430 1379 1725 1461 poterat.
1828 1363 1924 1449 Is,
1975 1385 2213 1458 quum
2248 1357 2523 1434 senatus
2575 1379 2703 1432 aut

714 1483 967 1572 sortiri,
1022 1505 1147 1558 aut
1190 1509 1598 1582 comparare
1631 1483 1816 1557 inter
1848 1480 1914 1557 se
1949 1478 2349 1580 provincias
2381 1479 2704 1554 consules

702 1606 1017 1702 jussiffet,
1084 1607 1471 1704 elegannus
1518 1602 1825 1677 facturos
1871 1601 2084 1689 dixit,
2135 1603 2184 1674 fi
2230 1599 2514 1696 judicio
2569 1602 2704 1674 Pa-

716 1748 939 1815 trum,
977 1751 1199 1824 quam
1220 1727 1267 1798 fi
1297 1723 1487 1812 sorti,
1524 1750 1682 1798 eam
1711 1749 1862 1798 rem
1889 1721 2363 1821 permisissent.
2431 1718 2702 1818 Scipio,

714 1845 1038 1945 responso
1094 1846 1185 1920 ad
1238 1848 1375 1918 hoc
1412 1846 1608 1934 dat0,
1671 1853 1721 1888 ‘⁶
1761 1841 2276 1944 cogitaturum,
2337 1839 2520 1940 quid
2573 1839 2702 1914 fibi

718 1977 771 2011 ‘⁸
808 1965 1226 2042 faciendum
1274 1965 1513 2053 effet,”
1569 1991 1739 2039 cum
1775 1963 1979 2039 fratre
2009 1979 2161 2039 uno
2202 1966 2512 2051 locutuS,
2554 1959 2703 2059 jus-

716 2084 973 2186 susque
1018 2089 1108 2162 ab
1156 2111 1244 2160 eo
1288 2084 1693 2185 permittere
1734 2086 2068 2160 audacter
2106 2082 2402 2173 senatui,
2442 2109 2704 2158 renun-

714 2206 857 2282 ciat
914 2208 1258 2307 collegae,
1312 2217 1363 2249 “
1402 2204 1758 2281 faEturum
1805 2204 1901 2294 se,
1955 2207 2162 2304 quod
2217 2205 2277 2280 is
2329 2203 2706 2280 censeret.'’

713 2333 971 2430 Qum
1018 2353 1151 2415 reS,
1197 2348 1321 2402 aut
1375 2351 1586 2414 nova,
1638 2347 1762 2401 aut
1805 2325 2149 2401 vetustate
2191 2328 2692 2425 exemplorum

712 2447 1095 2523 memoriae
1116 2447 1269 2544 jam
1304 2448 1648 2535 exoletae,
1700 2447 1910 2521 relata
1939 2445 2454 2545 exspectatione
2483 2467 2702 2522 certa·

714 2563 931 2643 minis
957 2565 1276 2642 senatum
1305 2567 1650 2655 erexisset,
1681 2569 1762 2641 P.
1789 2566 2033 2665 Scipio
2061 2566 2446 2644 Africanus
2479 2566 2695 2656 dixit,

722 2698 774 2733 “
806 2687 881 2762 Si
916 2689 1010 2761 L.
1044 2685 1361 2785 Scipioni
1416 2686 1608 2762 fratri
1643 2686 1770 2762 suo
1815 2686 2255 2786 provinciam
2317 2688 2698 2764 Graeciam

714 2819 767 2852 “
804 2806 1290 2895 decreviffent,
1347 2806 1415 2882 se
1456 2810 1775 2908 legatum
1821 2807 2164 2882 iturum.''
2263 2811 2472 2884 Haec
2527 2831 2700 2897 vox,

712 2952 976 3028 magno
1022 2925 1311 3002 adsensu
1344 2927 1614 3017 audita,
1667 2927 1942 3003 sustulit
1975 2949 2353 3003 certamen.
2459 2929 2696 3026 Expe-

712 3049 833 3126 riri
865 3047 1159 3138 libebat,
1211 3067 1459 3123 utrum
1506 3051 1668 3147 plus
1699 3048 1848 3148 regi
1883 3047 2254 3124 Antiocho
2301 3049 2378 3123 in
2413 3049 2700 3125 Hanni-

714 3171 874 3247 bale
907 3167 1127 3256 vi8t0,
1178 3195 1269 3243 an
1296 3167 1373 3244 in
1405 3167 1674 3245 victore
1709 3168 2056 3244 Africano
2089 3169 2362 3245 consuli
2397 3170 2700 3271 legioni-

718 3290 995 3390 busque
1040 3288 1422 3379 Romanis,
1473 3287 1726 3364 auxilii
1775 3288 1989 3366 foret:
2011 3341 2018 3350 -
2041 3317 2123 3366 ac
2175 3315 2400 3390 prope
2453 3317 2701 3367 omnes

711 3408 1033 3511 Scipioni
1062 3408 1467 3499 Graeciam,
1520 3407 1774 3485 Laelio
1807 3410 2083 3485 Italiam
2111 3413 2602 3487 decreverunt.

814 3535 911 3607 II.
1012 3533 1372 3606 Praetores
1393 3530 1564 3606 inde
1591 3528 1993 3632 provincias
2014 3531 2263 3622 sortiti,
2289 3535 2382 3607 L.
2405 3539 2701 3609 Aurun-

708 3653 976 3751 culejus
1034 3655 1407 3740 urbanam,
1470 3654 1608 3727 Cn.
1683 3652 1989 3727 Fulvius
2053 3652 2526 3753 peregrinam,
2601 3655 2698 3731 L.

708 3773 1067 3852 Aemilius
1102 3770 1435 3872 Regillus
1462 3773 1770 3861 classem,
1805 3775 1888 3847 P.
1921 3773 2186 3868 Junius
2215 3777 2478 3850 Brutus
2511 3773 2698 3849 Tus-

707 3923 855 3984 cos,
894 3897 1013 3970 M.
1054 3890 1376 3970 Tuccius
1406 3892 1754 3990 Apuliam
1788 3897 1858 3968 &
1893 3893 2236 3983 Bruttios„
2270 3896 2358 3969 C.
2396 3894 2694 3970 Atinius

706 4013 1044 4093 Siciliam.
1145 4011 1439 4089 Consuli
1472 4012 1764 4103 deinde,
1832 4015 1952 4088 cui
1989 4015 2289 4091 Graecia
2323 4015 2698 4114 provincia

708 4139 991 4214 decreta
1022 4155 1192 4226 erat,
1226 4135 1324 4212 ad
1342 4160 1510 4211 eum
1532 4135 1954 4226 exercitum,
1985 4161 2206 4236 quem
2237 4163 2280 4212 a
2299 4139 2439 4212 Μ’.
2454 4136 2700 4212 Acilio
