3100 5359
820 706 911 780 L.
947 730 976 779 1
1032 731 1077 781 a
1135 731 1181 781 Β.
1236 730 1285 781 a
1388 707 1786 785 XXXVII.
2223 716 2314 811 83

334 890 399 926 ·“
432 881 617 957 vales
648 880 743 957 ad
764 882 1043 957 claffem
1076 880 1477 981 frequentes
1510 882 1964 959 habitururnz
2001 882 2311 963 subduc·

338 1010 393 1045 “
424 1020 670 1077 mrum
684 1002 1333 1099 perfimulationem
1346 994 1709 1079 reficiendi
1723 1001 2060 1103 quasdam
2071 1030 2309 1094 naves,

339 1130 391 1165 ‘⁶
425 1118 644 1197 alias
624 1146 705 1196 in
736 1120 1177 1221 propinquos
1209 1143 1455 1220 portus
1490 1121 1978 1199 dimiffururn:
2047 1150 2307 1223 paucas

336 1250 391 1284 “
422 1260 585 1317 ante
612 1261 903 1341 portum
931 1240 1223 1340 Ephefi
1205 1267 1283 1317 m
1316 1234 1457 1317 salo
1482 1241 1940 1330 habiturum3
2001 1269 2204 1341 quas,
2253 1244 2308 1319 fi

334 1372 388 1405 ‘⁶
422 1361 615 1439 exire
666 1388 774 1437 res
810 1382 1120 1463 cogeret,
1170 1362 1574 1459 objectum
1625 1361 1990 1439 certamini
2057 1362 2306 1439 foret.”

330 1484 579 1583 Qam
608 1481 1131 1583 neglegentiam
1157 1480 1722 1581 Polyxenidam
1705 1508 1780 1557 m
1813 1483 2014 1559 claffe
2039 1480 2162 1559 sua
2183 1485 2305 1559 ha

329 1601 657 1677 bitumm
688 1601 1137 1678 Paufistratus
1176 1600 1479 1691 audivit,
1530 1628 1690 1677 earn
1748 1600 1892 1700 ipse
1939 1604 2304 1701 extemplo

328 1720 609 1799 habuit.
704 1724 987 1799 Partem
1026 1720 1320 1797 navium
1352 1722 1446 1797 ad
1488 1744 1928 1799 commeatus
1971 1725 2304 1799 arceffen-

327 1842 459 1918 dos
488 1841 1089 1933 Halicarnassum,
1140 1862 1411 1941 partem
1445 1844 1740 1919 Samum
1765 1842 1858 1917 ad
1883 1845 2139 1919 urbem
2165 1843 2301 1921 rni-

324 1964 442 2036 fitz
492 1982 581 2037 ut
606 1984 885 2061 paratus
910 1964 1103 2051 effet,
1154 1988 1387 2061 quum
1440 1964 1718 2061 signum
1761 1962 2228 2062 adgrediendi
2259 1990 2303 2039 a

326 2079 689 2179 proditore
720 2076 1112 2181 accepiss‘et.
1186 2081 1664 2180 Polyxenidas
1688 2108 1943 2180 augere
1975 2084 2300 2159 fimulan-

322 2202 423 2277 do
452 2227 797 2277 errorem:
848 2198 1189 2278 subducit
1230 2199 1574 2301 quasdam
1621 2226 1856 2289 naves»,
1903 2200 2070 2279 alias
2101 2204 2300 2279 velut

322 2320 805 2399 subduflmrus
834 2322 1029 2410 effet,
1076 2322 1347 2396 navalia
1376 2319 1648 2396 reficit:
1701 2318 2002 2420 remiges
2045 2347 2139 2399 ex
2180 2322 2296 2399 hi-

320 2442 557 2521 hemis
604 2468 753 2519 non
790 2438 1159 2541 Ephesum
1182 2442 1471 2529 arceffit,
1530 2438 1652 2515 sed
1685 2440 2134 2543 Magnesiam
2175 2468 2294 2519 oc·

318 2566 510 2639 cnloe
542 2564 767 2665 cogit.

406 2684 555 2789 ⁶11.
652 2684 867 2759 Forte
911 2679 1213 2781 quidam
1246 2678 1598 2755 Antiochi
1629 2678 1860 2769 miles,
1909 2706 2144 2778 quum
2175 2683 2293 2757 Sa-

312 2828 523 2879 mum
557 2801 663 2879 rei
704 2802 1013 2902 privatae
1053 2802 1285 2877 caufia
1312 2798 1632 2887 venifl'et,
1681 2824 1812 2897 pro
1863 2799 2292 2899 speculatore

310 2920 791 3023 deprehensus
830 2920 1219 2998 deducitur
1241 2922 1684 2997 Panormum
1703 2920 1796 2995 ad
1828 2919 2286 3019 proefedtum.

308 3044 379 3119 Is
406 3041 931 3143 percunfflinti,
984 3039 1167 3141 quid
1220 3041 1477 3140 Ephefi
1526 3058 1875 3139 ageretur,
1929 3038 2288 3119 incertum

306 3184 543 3253 metu,
572 3190 665 3238 an
690 3188 859 3262 erga
888 3160 1047 3237 suos
1079 3161 1275 3237 haud
1292 3162 1549 3236 smeera
1565 3161 1739 3248 fide,
1770 3160 2014 3237 omnia
2031 3160 2286 3261 aperit:

304 3286 594 3361 daffem
630 3281 1041 3357 instruetam
1074 3300 1529 3379 paratamque
1563 3278 1642 3355 in
1675 3301 1888 3377 portu
1921 3279 2132 3357 staret
2183 3306 2288 3357 re-

302 3402 625 3503 migium
658 3426 873 3477 omne
924 3402 1371 3500 Magnesiam
1420 3402 1515 3475 ad
1573 3400 1901 3499 Sipylum
1959 3399 2284 3479 miffumz

304 3546 697 3621 perpaucas
742 3546 949 3596 naves
1000 3520 1383 3597 subduestas
1428 3523 1592 3610 effe,
1653 3524 1724 3597 ἃ
1775 3519 2050 3595 navalia
2101 3521 2282 3622 tegi:

166 3654 181 3671 ·
296 3664 717 3740 numquam
768 3640 1111 3717 intentius
1164 3666 1315 3715 rem
1368 3642 1690 3717 navalem
1735 3639 2287 3717 administratam

298 3764 466 3837 effe.
566 3762 777 3837 Haec
810 3786 901 3836 ne
928 3786 1059 3859 pro
1086 3757 1267 3835 veris
1290 3758 1731 3849 audirentur,
1783 3760 2066 3837 animus
2099 3786 2284 3837 erro-

298 3884 487 3958 re&
520 3879 641 3981 spe
670 3907 855 3957 vana
900 3901 1454 3980 praeoccupatus
1484 3878 1681 3956 fecit.
1780 3880 2280 3980 Polyxenidas,

296 4000 471 4078 fluis
500 4000 842 4077 omnibus
874 3999 1321 4099 comparatis,
1360 4002 1572 4077 noete
1605 3998 1872 4101 remige
1901 4028 1946 4075 a
1975 4004 2282 4101 Magne-

295 4125 397 4198 {ia
422 4124 765 4213 arceffito,
809 4120 1283 4221 deductisque
1324 4120 1612 4220 raptim,
1679 4146 1861 4221 quae
1893 4119 2282 4197 subductae
