3100 5359
679 668 828 751 344
1205 648 1990 727 .T.L1v11

679 815 926 895 butius
991 820 1239 913 carus,
1300 825 1394 901 L.-
1425 823 1819 923 Qinffius
1881 822 2270 926 Crispinus.
2368 828 2467 903 Et
2528 830 2652 903 Sa-

680 939 916 1018 turnia
947 941 1230 1019 colonia
1272 932 1544 1022 civium
1592 948 2095 1023 Romanorum
2120 944 2197 1021 in
2227 959 2480 1047 agrum
2508 948 2651 1022 Ca·-

679 1058 1028 1138 letranum
1063 1062 1163 1138 est
1191 1065 1522 1141 deducta.
1624 1067 2105 1141 Deduxerunt
2138 1063 2499 1142 triumviri
2552 1072 2677 1168 Q

683 1179 948 1257 Fabius
1007 1185 1285 1274 Labeo,
1350 1187 1436 1261 C.
1463 1184 1802 1261 Afranius
1836 1183 2111 1276 Stellio,
2162 1182 2286 1259 Ti.
2317 1186 2651 1285 Sempro-

677 1297 841 1374 nius
875 1304 1264 1381 Gracchus.
1362 1306 1681 1405 Jugera
1663 1333 1737 1382 in
1772 1308 2077 1405 fingulos
2112 1306 2275 1381 data
2305 1305 2588 1380 decem.

782 1420 985 1496 LVI.
1105 1426 1386 1501 Eodem
1439 1451 1631 1501 anno
1685 1428 1775 1500 A.
1834 1424 2214 1501 Terentius
2274 1423 2653 1533 proconsul

679 1548 875 1621 haud
907 1545 1158 1645 procul
1189 1544 1489 1621 flumine
1523 1548 1760 1634 Iber0,
1824 1544 1899 1619 in
1932 1558 2101 1644 agro
2135 1543 2520 1632 AusetanO,
2553 1544 2653 1619 ὅτ

679 1666 948 1765 proelia
995 1663 1305 1740 secunda
1355 1692 1527 1740 cum
1580 1664 1955 1740 Celtiberis
2002 1663 2197 1754 fecit,
2240 1664 2317 1738 δι
2354 1662 2649 1763 oppida,

673 1811 858 1885 quae
891 1784 995 1862 ibi
1022 1785 1615 1874 communierant,
1650 1784 1925 1885 aliquot
1946 1784 2433 1887 expugnavit.
2507 1786 2649 1860 Ul-

676 1904 890 1981 terior
943 1904 1294 2003 Hispania
1343 1932 1429 1981 eo
1455 1931 1644 1981 anno
1698 1905 1772 1981 in
1806 1932 1977 2006 pace
2028 1906 2195 1997 fuit,
2245 1904 2417 2005 quia
2454 1908 2524 1978 ὅτ
2556 1906 2643 1980 Ρ.

679 2023 1136 2125 Sempronius
1195 2025 1572 2124 proconsul
1623 2025 1909 2102 diutino
1956 2029 2211 2102 morbo
2243 2026 2343 2102 est
2368 2024 2647 2122 inplici-

677 2166 820 2235 tus,
877 2148 974 2233 δι,
1013 2147 1214 2219 nullo
1241 2146 1629 2235 laceffente,
1661 2160 2189 2246 peropportune
2223 2144 2649 2244 quieverunt

676 2263 1024 2340 Lufitani.
1121 2268 1282 2340 Nec
1340 2264 1417 2339 in
1468 2264 1864 2365 Liguribus
1915 2266 2375 2342 memorabile
2432 2263 2647 2363 quid-

675 2411 896 2485 quam
915 2412 958 2459 a
983 2386 1170 2487 QF
1172 2384 1336 2460 abio
1361 2384 1645 2459 consule
1673 2385 1973 2484 gestum.
2072 2388 2193 2460 M.
2228 2386 2645 2474 Marcellus,

677 2532 770 2581 ex
839 2504 1037 2581 Istri'a
1118 2523 1508 2593 revocatus,
1567 2504 1881 2580 exercitu
1948 2504 2260 2594 dimisso,
2327 2508 2647 2581 Romam

603 2634 606 2638 ’
677 2624 1136 2703 comitiorum
1191 2625 1421 2699 cauffa
1478 2623 1709 2700 rediit.
1808 2624 2091 2701 Creavit
2138 2623 2459 2701 consules
2506 2629 2647 2703 Cn.

679 2742 1027 2819 Baebium
1059 2742 1536 2842 Tamphilum
1590 2748 1660 2818 ὅτ
1703 2746 1798 2819 L.
1835 2744 2237 2821 Aemilium
2288 2748 2645 2821 Paullum.

678 2865 872 2940 Cum
931 2866 1048 2938 M.
1077 2861 1394 2939 Aemilio
1429 2862 1718 2961 Lepido
1751 2862 1869 2938 hic
1898 2864 2146 2939 aedilis
2178 2866 2443 2941 curulis
2487 2866 2643 2941 fue-

673 3005 819 3060 rat:
871 3010 915 3059 a
956 3009 1105 3083 quo
1153 2982 1436 3058 consule
1486 2981 1781 3081 quintus
1814 3008 2066 3061 ,annus
2100 3007 2268 3075 erat,
2326 3012 2555 3085 quum
2584 2986 2647 3061 is

671 3104 820 3203 ipse
846 3104 1172 3203 Lepidus
1191 3102 1346 3202 post
1372 3102 1548 3177 duas
1573 3101 1877 3201 repulsas
1910 3104 2155 3179 co'nsul
2186 3104 2416 3181 facins
2454 3110 2645 3183 effet.

672 3228 1034 3300 Praetores
1056 3222 1226 3299 inde
1258 3220 1424 3299 facti
1449 3222 1643 3324 QF
1646 3222 1881 3299 ulvius
1916 3225 2241 3314 Flaccus,
2277 3229 2395 3301 M.
2433 3230 2639 3303 Vale-

671 3342 821 3419 rius
874 3342 1264 3434 Laevinus,
1316 3346 1399 3419 P.
1429 3342 1755 3419 Ma‘nlius
1799 3342 2086 3433 iterum,
2132 3348 2249 3421 M.
2280 3347 2639 3447 Ogulnius

675 3456 950 3553 Gallus,
999 3464 1094 3539 L.
1129 3461 1482 3541 Caecilius
1538 3466 1838 3554 Denter,
1886 3467 1971 3540 C.
2006 3464 2385 3541 Terentius
2444 3466 2638 3542 Istra.

669 3583 1112 3683 Supplicatio
1139 3604 1457 3659 extremo
1480 3610 1669 3660 anno
1694 3582 1833 3659 fuit
1849 3583 2341 3685 prodigiorum
2371 3588 2597 3662 cauffa
2610 3620 2637 3675 3

673 3705 878 3803 quod
931 3701 1267 3803 sanguine
1325 3728 1452 3802 per
1499 3703 1808 3780 biduum
1856 3704 2103 3806 pluiffe
2148 3704 2225 3780 in
2256 3732 2413 3781 area
2444 3707 2636 3781 Con-

672 3822 954 3900 cordiae
978 3822 1136 3899 satis
1171 3824 1591 3913 credebant,
1644 3824 2215 3925 nunciatumque
2237 3846 2404 3915 erat,
2444 3829 2641 3905 haud

673 3944 925 4044 procul
977 3941 1216 4019 Sicilia
1265 3941 1591 4034 insulam,
1627 3971 1807 4045 quae
1840 3971 1987 4020 non
2012 3968 2172 4022 ante
2207 3945 2455 4035 fuerat,
2506 3973 2639 4022 no-

670 4088 836 4141 vam
895 4061 1164 4140 editam
1204 4090 1246 4140 e
1289 4062 1465 4143 mari
1508 4067 1665 4141 effe.
1762 4064 2255 4144 Hannibalem
2278 4068 2420 4145 hoc
2448 4093 2640 4150 anno
