3100 5359
805 688 878 761 L
935 714 962 760 1
1027 714 1066 760 B
1127 712 1170 760 F.
1227 692 1273 760 'R
1377 691 1803 766 XXXVIII.
2174 717 2303 784 241

341 871 394 904 “
429 859 549 936 sed
611 865 802 960 apud
874 861 1526 962 Karthaginiensem
1595 863 1908 938 senatum
1977 889 2252 962 agerem
2280 893 2303 950 3

341 991 390 1024 “
427 981 556 1057 ubi
619 981 694 1054 in
755 1007 1039 1056 crucem
1094 982 1244 1055 tolli
1315 982 1763 1080 imperatores
1830 981 2192 1070 dicuntur,
2261 986 2305 1056 fi

339 1111 389 1145 “
420 1100 746 1200 prospero
797 1123 1082 1189 eventu,
1137 1129 1356 1201 pravo
1407 1101 1694 1176 confilio
1747 1127 1890 1175 rem
1938 1103 2307 1199 gefferunt.

336 1229 388 1263 “
425 1222 565 1295 Sed
600 1247 734 1320 ego
768 1221 844 1294 in
877 1248 958 1295 ea
979 1222 1288 1309 civitate,
1325 1247 1510 1320 quae
1539 1221 1703 1295 ideo
1734 1221 2070 1296 omnibus
2098 1224 2305 1296 rebus

341 1349 390 1384 “
427 1340 854 1439 incipiendis
883 1339 1346 1440 gerendisque
1379 1343 1575 1427 Deos
1603 1340 1919 1429 adhibet,
1952 1341 2121 1440 quia
2148 1341 2305 1415 nul-

338 1468 390 1502 “
429 1458 568 1534 lius
607 1460 1004 1535 calumniae
1039 1459 1320 1556 subjicit
1353 1443 1458 1549 ea,
1502 1487 1685 1559 quae
1724 1460 1850 1535 Dii
1889 1465 2305 1558 comproba-

335 1590 385 1623 “
420 1602 701 1670 verunt,
756 1585 824 1655 ὃς
875 1580 951 1654 in
1000 1580 1458 1656 sollemnibus
1502 1581 1733 1655 verbis
1780 1584 2016 1667 habet,
2044 1607 2301 1678 -quum

333 1711 384 1742 “
420 1699 1010 1797 supplicationem
1042 1723 1164 1775 aut
1203 1700 1653 1799 triumphum
1690 1698 2043 1787 decernit3
2074 1704 2301 1802 Qod

335 1831 386 1864 “
425 1823 608 1896 bene
660 1847 743 1896 ac
781 1820 1078 1896 feliciter
1111 1820 1623 1920 rempublicam
1660 1819 2203 1908 administrarit,
2258 1825 2303 1894 fi

333 1951 382 1984 “
420 1942 714 2029 nollem,
765 1945 808 2014 fi
845 1967 1080 2039 grave,
1131 1966 1212 2015 ac
1247 1939 1629 2038 superbum
1658 1935 2129 2014 existimarem
2166 1941 2301 2014 vir·

329 2071 380 2104 “
417 2080 572 2134 tute
629 2059 907 2158 gloriari
933 2093 956 2148 3
1021 2071 1148 2158 pro'
1209 2058 1538 2134 felicitate
1598 2087 1754 2134 mea
1814 2059 2301 2158 exercitusque

328 2189 378 2223 “
415 2179 589 2268 mei,
659 2163 860 2278 quod
909 2201 1178 2254 tantam
1223 2179 1585 2258 nationem
1628 2183 1765 2254 fine
1811 2181 1955 2252 ulla
1986 2178 2301 2254 militum

327 2309 377 2343 “
397 2300 673 2395 jaelura
703 2287 1128 2388 devicimus,
1177 2299 1627 2396 postularem,
1656 2319 1737 2371 ut
1770 2298 1932 2372 Diis
1968 2297 2299 2378 inmorta-

325 2428 376 2462 “
411 2419 605 2493 libus
652 2421 878 2495 honos
935 2422 1330 2506 haberetur,
1391 2423 1460 2492 &
1527 2416 1673 2514 ipse
1726 2416 2168 2515 triumphans
2224 2419 2300 2494 in

326 2548 377 2594 ‘-‘
411 2538 858 2636 Capitolium
909 2538 1432 2626 adscenderem,
1491 2538 1709 2624 unde,
1741 2538 1923 2613 votis
1959 2539 2088 2613 rite
2118 2565 2302 2613 nun-

327 2668 377 2706 “
413 2657 718 2756 cupatis,
745 2658 1101 2756 profectus
1124 2657 1300 2732 sum.
1364 2657 1736 2756 Negaretis
1758 2660 1895 2733 hoc
1920 2658 2097 2734 mihi
2128 2686 2300 2736 cum

323 2767 404 2822 “⁹
416 2777 582 2852 Diis
617 2776 1112 2852 inmortalibus
1136 2779 1212 2851 ?’'

421 2901 706 2973 XLIX.
807 2907 858 2956 ·“
895 2896 1160 2995 Iniquo
1211 2895 1404 2971 enim
1459 2898 1620 2971 loco
1673 2896 2033 2975 dimicavi.
2154 2901 2299 2976 Dic

323 3027 373 3076 ·“
410 3007 660 3118 igitur,
681 3009 832 3115 quo
852 3016 1182 3116 aequiore
1203 3016 1559 3114 potuerim
1584 3016 1971 3094 dimicare?
2042 3025 2299 3120 Qum

323 3147 373 3182 ‘⁶
411 3159 736 3219 montem
785 3137 1014 3211 hostes
1067 3134 1426 3236 cepiffent,
1479 3138 1641 3211 loco
1687 3137 1971 3213 munito
2010 3138 2075 3213 se
2105 3161 2295 3215 tene-

321 3267 370 3308 ⁴‘
401 3277 588 3344 rent,
643 3281 898 3354 nempe
950 3257 1276 3330 eundum
1325 3258 1416 3330 ad
1461 3256 1690 3331 hostes
1715 3279 1886 3345 erat,
1938 3262 1985 3332 fi
2018 3259 2298 3336 vincere

321 3388 372 3422 ‘¹‘
406 3377 692 3452 vellem.
791 3373 1049 3476 Qid?
1109 3378 1158 3448 fi
1201 3377 1457 3450 urbem
1491 3402 1580 3449 eo
1613 3377 1775 3451 loco
1806 3379 2169 3469 haberent,
2226 3387 2296 3456 δε

321 3507 372 3541 “
406 3495 792 3571 moenibus
817 3493 884 3570 se
907 3499 1268 3570 tenerent?
1299 3521 1565 3593 nempe
1590 3499 2054 3601 obpugnandi
2078 3524 2295 3576 erant.

319 3627 371 3662 “
407 3614 671 3716 Qid?
721 3616 814 3690 ad
849 3616 1368 3714 Thermopylas
1399 3641 1721 3714 aequone
1748 3619 1909 3692 loco
1943 3621 2083 3695 Μ’.
2120 3620 2294 3696 Aci-

321 3748 372 3782 “
404 3736 550 3811 lius
577 3759 748 3810 cum
779 3761 941 3834 rege
975 3734 1342 3812 Antiocho
1375 3736 1769 3834 pugnavit?
1818 3737 2076 3838 Qid?
2123 3740 2295 3815 Phi-

319 3866 369 3902 “
405 3855 694 3957 lippum
750 3881 894 3928 non
936 3857 1196 3929 eodem
1229 3857 1452 3928 modo
1485 3855 1692 3953 super
1727 3863 1975 3932 Aoum
2009 3885 2293 3936 amnem

316 3977 574 4076 “juga
622 3995 983 4050 tenentem
1029 3973 1387 4050 montium
1425 3977 1524 4049 T.
1558 3977 1947 4078 Qinctius
1982 3979 2291 4075 dejecit?

320 4103 371 4140 ⁶⁴
409 4092 784 4197 Equidem
842 4095 1108 4184 adhuc,
1167 4095 1456 4192 qualem
1500 4119 1627 4172 aut
1670 4097 1797 4175 fibi
1842 4101 2139 4200 fingant,
2168 4119 2294 4174 aut

975 4231 978 4236 ·
1267 4215 1343 4290 R
