3100 5359
687 743 832 810 244
1357 718 1985 794 T0L1vrr

689 897 744 930 “
774 885 1052 985 puliffet
1079 917 1103 972 ;
1157 887 1396 960 Roma
1427 886 1680 973 viCtrix
1716 888 2055 964 vielorem
2086 885 2502 962 Africanum
2530 911 2659 962 ex-

687 1017 738 1049 “
769 1008 1046 1106 pellat.'’
1145 1004 1322 1093 Alii,
1352 1016 1402 1048 “
1441 1006 1831 1082 Neminem
1863 1033 2095 1082 unum
2126 1007 2355 1082 civem
2376 1028 2661 1080 tantum

688 1137 738 1169 “
775 1124 1082 1200 eminere
1129 1125 1413 1212 debere,
1452 1147 1533 1199 ut
1566 1126 1842 1224 legibus
1877 1126 2286 1226 interrogari
2320 1155 2463 1200 non
2499 1125 2661 1225 pos-

689 1256 740 1288 “
779 1249 895 1320 fit:
927 1245 1108 1320 nihil
1129 1264 1270 1319 tam
1306 1248 1713 1343 aequandae
1735 1245 2070 1320 libertatis
2098 1250 2257 1334 effe,
2286 1273 2501 1346 quam
2530 1272 2665 1344 po-

690 1374 744 1409 “
781 1365 1236 1440 tentiffimum
1318 1390 1683 1463 quemque
1762 1369 1953 1464 poffe
2029 1367 2266 1442 dicere
2329 1369 2661 1440 cauffam.

691 1497 741 1530 “
778 1485 986 1588 Qid
1035 1505 1274 1558 autem
1331 1505 1486 1560 tuto
1543 1484 1914 1583 cuiquam,
1986 1489 2257 1564 nedum
2306 1484 2659 1560 summam

691 1617 742 1650 “
780 1603 1322 1704 rempublicam,
1379 1604 1723 1702 permitti,
1790 1610 1836 1678 si
1865 1604 2039 1680 ratio
2072 1632 2221 1680 non
2254 1610 2332 1680 fit
2356 1608 2659 1684 redden-

692 1736 742 1770 “
780 1726 924 1800 da?
976 1723 1104 1823 qui
1140 1724 1260 1819 jus
1307 1749 1619 1822 aequum
1675 1723 1817 1821 pati
1862 1750 2007 1820 non
2054 1729 2281 1824 poffit,
2350 1725 2424 1800 in
2488 1753 2661 1802 eum

691 1857 741 1890 “
779 1845 929 1920 vim
963 1844 1159 1918 haud
1187 1842 1514 1939 injustam
1549 1845 1751 1918 effe.''
1848 1845 2056 1919 Haec
2110 1844 2367 1944 agitata
2404 1843 2661 1920 sermo-

691 1964 930 2053 nibm,
979 1965 1207 2038 donec
1263 1962 1414 2037 dies
1462 1962 1806 2038 dicendae
1858 1966 2125 2038 caufl'ae
2176 1965 2393 2040 venit.
2492 1968 2659 2040 Nec

689 2084 868 2159 alius
911 2106 1114 2160 antea
1163 2081 1567 2182 quisquam,
1628 2109 1761 2158 nec
1813 2082 1928 2158 ille
1966 2083 2107 2182 ipse
2148 2084 2387 2184 Scipio
2414 2083 2663 2159 consul

697 2205 1024 2282 censorve
1059 2205 1315 2301 majore
1350 2202 1583 2277 omnis
1618 2203 1891 2302 generis
1916 2203 2295 2280 hominum
2332 2203 2660 2301 frequen-

690 2323 814 2414 tia,
875 2350 1094 2423 quam
1141 2351 1300 2402 reus
1349 2324 1474 2398 illo
1529 2323 1675 2412 die,
1730 2322 1804 2397 in
1858 2321 2093 2398 forum
2142 2326 2241 2401 est
2284 2327 2661 2401 dedu&us.

691 2447 930 2542 Jufl'us
965 2446 1199 2523 dicere
1235 2446 1566 2531 cauffam,
1603 2446 1740 2518 fine
1762 2445 1907 2526 ulla
1938 2444 2324 2520 criminum
2360 2444 2663 2520 mentio-

689 2591 782 2639 -ne
813 2565 1200 2640 orationem
1227 2566 1406 2639 adeo
1442 2561 1895 2663 magnificam
1927 2567 2017 2638 de
2044 2568 2255 2641 rebus
2288 2568 2378 2640 ab
2412 2564 2477 2640 se
2510 2565 2663 2664 ges-

691 2683 781 2760 tis
801 2685 900 2760 est
919 2683 1230 2772 exorsuS,
1251 2705 1334 2758 ut
1355 2683 1512 2764 satis
1532 2684 1897 2773 constaret,
1922 2685 2283 2764 neminem
2312 2711 2665 2784 umquam

693 2829 930 2902 neque
955 2802 1236 2891 melius,
1269 2830 1500 2903 neque
1528 2803 1759 2878 verius
1786 2806 2155 2881 laudatum
2188 2807 2343 2884 effe.
2444 2805 2667 2880 Dice-

692 2931 954 3002 bantur
995 2923 1190 2998 enim
1222 2928 1315 3000 ab
1348 2925 1603 2998 eodem
1632 2923 1875 3000 animo
1910 2924 2375 3024 ingenioque,
2440 2952 2485 2999 a
2512 2951 2670 3024 quo

691 3045 882 3148 gesta
913 3066 1147 3120 erant:
1203 3048 1270 3118 ὅτ
1299 3042 1589 3128 aurium¹
1618 3043 1981 3120 fastidium
2012 3049 2275 3134 aberat,
2331 3046 2504 3145 quia
2533 3071 2669 3145 pro

687 3167 1032 3267 periculo,
1062 3191 1208 3250 non
1241 3163 1315 3239 in
1351 3163 1677 3263 gloriam,
1706 3163 2195 3240 referebantur.

791 3288 920 3364 LI.
1019 3284 1332 3361 Tribuni
1361 3285 1588 3383 plebis
1612 3306 1845 3359 vetera
1866 3285 2185 3360 luxuriae
2220 3285 2519 3360 crimina
2538 3289 2667 3383 Sy-

687 3403 1181 3482 racusanorum
1215 3403 1705 3493 hibernorum,
1746 3410 1813 3478 &
1846 3403 2095 3480 Locris
2128 3404 2663 3481 Pleminianum

687 3528 1108 3612 tumultum,
1159 3551 1389 3624 quum
1418 3525 1508 3598 ad
1539 3525 1759 3598 fidem
1780 3523 2247 3622 praesentium
2274 3526 2664 3612 criminum

682 3644 1102 3732 retuliffent3
1125 3643 1639 3743 suspicionibus
1666 3643 1917 3742 magiS,
1950 3670 2168 3743 quam
2194 3646 2655 3744 argumentis,

685 3765 1030 3867 pecuniae
1065 3786 1306 3862 captae
1339 3789 1540 3841 reum
1574 3763 2005 3841 accusarunt.
2108 3777 2157 3810 ‘⁶
2198 3766 2467 3842 Filium
2500 3791 2663 3864 cap..

689 3898 742 3933 “
779 3909 935 3962 tum
971 3891 1109 3961 fine
1146 3884 1374 3984 pretio
1403 3883 1796 3975 redditum,
1858 3884 2337 3984 omnibusque
2370 3885 2523 3965 aliis
2556 3912 2661 3960 re-

687 4019 740 4054 “
778 4010 912 4084 bus
965 4005 1403 4106 Scipionem,
1459 4027 1827 4103 tamquam
1872 4004 1951 4079 in
2002 4006 2149 4104 ejus
2194 4005 2409 4084 unius
2442 4033 2657 4082 manu

690 4137 742 4175 “
779 4155 920 4230 pax
953 4131 1285 4202 Romana
1302 4127 1721 4224 bellumque
1750 4127 1942 4215 effet,
1996 4129 2087 4204 ab
2121 4126 2489 4203 Antiocho
2510 4129 2659 4204 cul·
