3100 5359
775 707 907 782 188
1463 709 1559 782 T.
1658 709 2095 784 Lrvr‘t

665 871 674 878 ’
767 882 1034 956 tebant.
1133 883 1342 980 Qae
1395 905 1502 954 res
1545 905 1777 978 quum
1811 879 2071 955 lentius
2104 879 2221 978 spe
2256 877 2567 979 ipsorum
2598 902 2739 958 tra-

765 1003 1074 1086 heretur,
1133 999 1268 1072 alia
1297 997 1528 1074 rursus
1557 1025 1742 1074 nova
1774 999 1955 1074 inter
1986 1001 2269 1099 regulos
2298 1021 2449 1076 orta
2478 999 2736 1076 seditio

765 1119 888 1194 est.
987 1117 1390 1194 Leonorius
1427 1139 1636 1208 retr0‚
1682 1119 1875 1194 unde
1910 1139 2217 1209 venerat,
2266 1145 2439 1196 curn
2472 1121 2741 1217 metiore

766 1259 958 1339 parte
991 1235 1372 1314 hominum
1399 1238 1653 1338 repetit
1682 1237 2146 1338 Byzantium=
2198 1240 2537 1316 Lutarius
2566 1243 2738 1316 Ma·

767 1356 1191 1446 cedonibnr„
1251 1383 1376 1455 per
1428 1357 1734 1458 speciem
1780 1358 2152 1458 legationis
2207 1362 2300 1436 ab
2352 1360 2741 1462 Antipatro
2798 1351 2817 1358 ’

761 1479 856 1554 ad
908 1477 1416 1578 speculandum
1469 1476 1707 1566 miflis,
1757 1479 1933 1554 duas
1983 1481 2197 1554 tectas
2238 1506 2450 1556 naves
2496 1484 2567 1556 sc
2600 1503 2739 1558 tres

763 1598 1038 1672 lembos
1087 1596 1365 1672 adimit.
1464 1597 1639 1687 His,
1702 1597 1877 1674 alios
1920 1619 2137 1698 atque
2164 1597 2339 1676 alios
2372 1599 2527 1676 dies
2558 1627 2735 1679 noc-

765 1715 1008 1816 tesque
1036 1715 1575 1807 transvehendo,
1627 1716 1810 1794 intra
1850 1745 2117 1818 paucos
2148 1718 2301 1794 dies
2330 1745 2581 1796 omnes
2612 1747 2739 1796 co·

753 1837 914 1937 pias
945 1836 1234 1934 trajecit.
1332 1837 1683 1914 Haudita
1706 1840 1938 1914 multo
1972 1838 2131 1938 post
2152 1837 2580 1929 Leonorius‚
2612 1842 2743 1916 ad-

752 1960 1049 2058 juvante
1114 1957 1520 2036 Nicomede
1590 1957 1962 2057 Bithyniae
2028 1985 2221 2060 rege,
2290 1986 2334 2033 a
2386 1960 2743 2058 Byzantio

763 2078 1148 2157 transmitit.
1247 2081 1534 2156 Coeunt
1572 2079 1835 2156 deinde
1873 2080 1949 2154 in
1978 2105 2213 2156 unum
2248 2079 2477 2156 rursus
2512 2081 2739 2174 Galli,

764 2204 835 2276 sc
885 2198 1155 2276 auxilia
1209 2198 1602 2274 Nicomedi
1656 2200 1855 2289 dant,
1926 2199 2251 2276 adversus
2304 2203 2737 2300 Zyboetam,

763 2341 1034 2426 partem
1063 2339 1421 2394 tenentem
1450 2317 1849 2418 Bithyniae,
1900 2319 2169 2420 gerenti
2195 2323 2494 2397 bellum.
2598 2329 2737 2398 At·

763 2466 907 2540 que
957 2467 1208 2516 eorum
1260 2436 1574 2514 maxime
1630 2465 1843 2538 opera
1891 2439 2213 2515 devictus
2248 2443 2574 2540 Zyboeta
2604 2443 2735 2533 est,

767 2560 1242 2659 Bithyniaque
1297 2557 1530 2633 omnis
1571 2557 1647 2634 in
1692 2557 2045 2634 ditionem
2084 2558 2509 2636 Nicomedis
2560 2589 2737 2638 con-

763 2684 973 2758 ceffit.
1061 2676 1362 2754 Profecti
1399 2703 1490 2752 ex
1517 2677 1850 2776 Bithynia
1870 2678 1945 2753 in
1966 2683 2202 2753 Asiam
2238 2683 2735 2778 processerunt.

762 2803 941 2878 Non
1004 2801 1165 2898 plus
1229 2824 1322 2874 ex
1365 2796 1625 2898 viginti
1677 2796 1997 2875 millibus
2050 2797 2459 2890 hominum,
2510 2829 2737 2901 quarn
2826 2851 2831 2858 ·

763 2922 1015 2998 decem
1043 2939 1304 2996 armata
1335 2940 1555 2994 erant.
1654 2919 1937 2994 Tamen
1970 2940 2249 2994 tantum
2270 2921 2547 2996 terroris
2572 2949 2735 2998 om-

767 3040 1004 3130 nibus,
1065 3066 1250 3139 quae
1283 3040 1386 3116 cis
1419 3043 1749 3114 Taurum
1785 3037 2137 3129 incolunt,
2186 3042 2523 3141 gentibus
2557 3043 2733 3142 inje-

763 3183 1037 3251 cerunt,
1090 3182 1198 3251 ut,
1261 3187 1440 3260 quas
1483 3159 1805 3248 adiffent,
1858 3159 2173 3260 quasque
2213 3187 2361 3236 non
2406 3164 2731 3255 adifl'ent,

761 3283 1016 3384 pariter
1039 3282 1334 3360 ultimae
1352 3278 1802 3381 propinquis,
1838 3278 2138 3379 imperio
2156 3304 2497 3380 parerent.
2562 3282 2731 3359 Pos-

761 3427 1013 3494 tremo,
1047 3429 1282 3504 quum
1307 3423 1444 3480 tres
1469 3403 1687 3476 effent
1704 3421 1974 3500 gentes,
2010 3401 2463 3500 Tolistoboji,
2498 3407 2731 3481 Troc-

759 3523 892 3614 mi,
955 3522 1359 3624 Tectosagi,
1406 3521 1496 3602 ‚in
1530 3543 1665 3596 tres
1698 3543 1949 3620 parteS,
2009 3547 2153 3621 qua
2195 3521 2463 3622 cuique
2494 3548 2728 3623 popu·

759 3647 994 3722 lorum
1061 3643 1350 3719 suorum
1399 3640 1761 3742 vectigalis
1818 3643 1985 3716 Afia
2042 3643 2231 3729 effet,
2314 3641 2728 3719 diviserunt.

761 3762 1096 3842 Trocmis
1145 3761 1601 3862 Hellesponti
1652 3786 1773 3836 ora
1808 3761 1973 3836 data
1992 3794 2019 3850 3
2068 3760 2497 3858 Tolistoboji
2530 3767 2726 3840 Aeo-

759 3883 908 3961 lida
936 3904 1152 3982 atque
1185 3881 1488 3972 Ioniam,
1542 3879 1921 3982 Tectosagi
1964 3882 2469 3958 mediterranea
2524 3885 2729 3960 Afine

761 4001 981 4080 sortiti
1041 4001 1223 4080 sunt.
1345 4005 1443 4082 Et
1507 4001 1946 4100 stipendium
2013 4023 2159 4078 tota
2222 4001 2325 4078 cis
2391 4005 2720 4081 Taurum

761 4126 926 4202 Afia
965 4123 1368 4225 exigebant.
1465 4123 1727 4200 Sedem
1758 4143 1999 4200 autem
2032 4120 2155 4222 ipsi
2190 4121 2317 4200 fibi
2348 4122 2539 4210 cirea
2566 4123 2725 4202 Ha-
