3100 5359
776 662 921 759 378
1440 658 2091 733 T-L1v11

774 832 873 909 lia
927 838 1278 920 evenerat,
1330 833 1602 930 adjecta
1655 833 1750 907 de
1811 830 2370 909 Bacchanalibus
2427 821 2762 931 quaestio·

777 951 918 1027 este
973 953 1178 1050 cujus
1219 952 1493 1027 refidua
1523 954 1880 1051 quaedam
1911 954 2108 1029 velut
2137 951 2404 1027 semina
2435 978 2530 1029 ex
2558 954 2758 1053 prio·

775 1072 973 1148 ribus
1004 1070 1253 1147 malis
1222 1098 1375 1169 jam
1402 1071 1636 1171 priore
1661 1098 1850 1147 anno
1881 1074 2390 1171 adparuerant:
2443 1074 2563 1150 sed
2597 1096 2746 1150 ma-

772 1189 883 1291 gis
926 1191 1297 1268 inchoatae
1346 1194 1546 1292 apud
1589 1195 1685 1268 L.
1719 1190 2040 1291 Pupium
2073 1214 2468 1291 praetorem
2505 1194 2740 1293 quaes-

770 1310 1003 1387 tiones
1046 1332 1268 1403 erant,
1319 1336 1545 1412 quam
1587 1314 1682 1388 ad
1730 1312 2010 1389 exitum
2053 1315 2289 1389 ullum
2341 1317 2740 1413 perductae.

772 1433 860 1509 Id
884 1430 1235 1531 persecare
1270 1457 1543 1509 novum
1570 1453 1992 1534 praetorem,
2033 1458 2123 1508 ne
2151 1432 2458 1532 serperet
2483 1434 2738 1511 iterum

770 1551 1008 1642 latius,
1042 1554 1281 1629 Patres
1300 1552 1679 1650 jufferunt.
1781 1556 1880 1627 Et
1909 1554 2099 1653 leges
2133 1554 2227 1630 de
2257 1555 2542 1631 ambitu
2577 1581 2739 1631 con-

769 1673 947 1752 sules
975 1700 1068 1751 ex
1090 1672 1511 1751 auetoritate
1538 1672 1820 1749 senatus
1849 1675 1945 1748 ad
1977 1675 2334 1774 populum
2357 1678 2695 1751 tulerunt.

866 1796 1041 1871 XX.
1138 1792 1572 1897 Legationes
1597 1794 1860 1870 deinde
1883 1794 1960 1869 in
1985 1794 2304 1871 senatum
2329 1795 2740 1871 introduxe⁴

768 1936 962 1992 runt.
1060 1918 1359 2015 Regum
1420 1912 1709 2015 primas»,
1783 1915 2159 2004 Eumenis,
2223 1920 2293 1991 &
2357 1916 2739 1993 Ariarathis

766 2035 1246 2139 Cappadocis,
1320 2040 1392 2109 ὅτ
1456 2033 1836 2109 Pharnacis
1904 2034 2214 2111 Pontici.
2333 2038 2500 2113 Nec
2563 2038 2741 2113 ultra

762 2156 1173 2258 quidquam
1206 2154 1306 2230 eis
1330 2148 1744 2253 responsum
1769 2153 1897 2243 est,
1948 2179 2170 2253 quam
2205 2154 2560 2247 miffuros,
2613 2155 2737 2257 qui

764 2278 861 2355 de
911 2274 1400 2353 controversiis
1450 2300 1704 2350 eorum
1749 2274 2280 2374 cognoscerent,
2331 2276 2739 2353 statuerent-

762 2422 933 2500 que.
966 2393 1710 2475 Lacedaemoniorum
1731 2393 1998 2469 deinde
2017 2392 2344 2469 exsulum
2367 2400 2436 2471 ὅτ
2459 2399 2740 2472 Achae-

762 2542 973 2593 orum
1020 2514 1236 2615 legati
1270 2514 1665 2591 introduffi
1693 2514 1877 2591 sunt.
1981 2518 2078 2590 Et
2109 2513 2262 2613 spes
2295 2515 2460 2591 data
2483 2516 2740 2593 exsuli·

764 2640 903 2717 bus
933 2636 1063 2725 est,
1114 2634 1545 2737 scripturum
1577 2634 1894 2711 senatum
1928 2633 2262 2723 Achaeis,
2310 2657 2394 2710 ut
2424 2636 2738 2713 restitue-

738 2766 1032 2843 rentur.
1092 2756 1368 2833 Achaei
1396 2758 1489 2833 de
1518 2758 1837 2833 Meffene
1867 2774 2171 2855 recepta,
2197 2756 2738 2856 compofitisque

766 2878 874 2956 ibi
904 2881 1143 2967 rebus,
1195 2904 1371 2955 cum
1400 2874 1694 2953 adsensu
1723 2879 2022 2953 Patrum
2043 2874 2542 2976 exposuerunt.
2645 2882 2738 2954 Et

760 3028 807 3077 a
822 2999 1176 3099 'Philippo
1210 3024 1375 3099 rege
1408 2998 1910 3073 Macedonum
1941 2996 2093 3071 duo
2125 2994 2338 3095 legati
2363 3018 2734 3087 venerunt,

764 3120 1121 3199 Philocles
1176 3122 1247 3193 δι’
1293 3118 1611 3217 Apelles,
1663 3118 1861 3193 nulla
1896 3114 2104 3215 super
2145 3142 2244 3205 re,
2296 3142 2480 3216 quae
2513 3120 2608 3193 ab
2641 3117 2735 3193 se-

764 3262 936 3319 natu
968 3240 1277 3341 petenda
1305 3244 1512 3315 effet=
1562 3236 2006 3339 speculatum
2039 3234 2266 3337 magis
2287 3236 2738 3336 inquifitum-

666 3412 673 3419 -
760 3386 909 3463 que
938 3361 1119 3437 missa
1146 3361 1241 3435 de
1260 3358 1374 3450 iis,
1426 3382 1744 3460 quorum
1777 3354 2066 3434 Perseus
2101 3355 2560 3433 Demetrium
2581 3357 2736 3433 infi-

759 3483 1083 3561 mulaffet
1108 3481 1543 3568 sermonum,
1593 3503 1768 3555 cum
1793 3475 2171 3565 Romanis,
2224 3476 2537 3553 maxime
2565 3504 2735 3554 cum

759 3604 858 3679 T.
888 3599 1267 3704 Qindio,
1286 3598 1616 3676 adversus
1633 3596 1914 3674 fratrem
1941 3598 2033 3671 de
2053 3622 2275 3697 regno
2301 3597 2734 3675 habitorum.

763 3724 958 3813 Hos,
1008 3742 1379 3821 tamquam
1432 3716 1738 3808 medios,
1788 3742 1924 3793 nec
1979 3716 2057 3791 in
2095 3717 2380 3793 alterius
2423 3716 2735 3796 favorem

765 3843 1168 3931 inclinatos,
1219 3838 1497 3916 miserat
1528 3863 1680 3914 rex.
1779 3839 2003 3913 Erant
2028 3858 2270 3914 autem
2295 3843 2364 3913 &
2395 3837 2476 3914 hi
2504 3836 2732 3913 Persei

764 3962 1035 4045 fraudis
1078 3962 1157 4039 in
1202 3960 1488 4037 fratrem
1521 3956 1827 4033 ministri
1863 3962 1932 4033 &
1965 3958 2365 4057 participes.
2465 3960 2756 4033 Deme-'

765 4082 965 4177 rrius,
998 4081 1357 4171 omnium,
1377 4099 1868 4181 praeterquam
1895 4076 2180 4155 fraterni
2207 4076 2506 4163 sceleris.
2529 4078 2736 4176 quod
