3100 5359
735 695 882 786 426
1409 689 2041 768 T.L1v11

743 873 796 909 “
831 861 1065 940 tabilis
1101 863 1236 939 effe
1285 863 1580 952 debeat3
1630 859 1958 965 regnum,
2004 865 2208 964 quod
2238 889 2281 941 a
2298 886 2549 966 patruo
2578 889 2711 946 tuo

743 995 798 1032 ‘⁶
832 983 1024 1073 forti,
1073 1009 1222 1059 non
1265 981 1494 1058 solum
1545 983 1769 1073 fideli,
1818 985 2041 1059 tutela
2078 985 2229 1081 ejus
2270 987 2711 1065 custoditum

741 1115 797 1150 ⁴⁸
831 1107 901 1180 ὅτ
927 1105 1218 1180 anetum
1251 1101 1466 1179 etiam
1495 1103 1768 1204 accepi,
1802 1102 1881 1178 id
1906 1103 2041 1180 tibi
2062 1107 2329 1182 tradere
2356 1107 2433 1182 in
2464 1108 2711 1185 animo

741 1234 796 1271 ‘⁴
827 1223 954 1298 est.
1049 1225 1164 1300 Te
1197 1246 1430 1298 unum
1457 1225 1713 1314 habeo,
1762 1248 1985 1323 quem
2018 1224 2329 1326 dignum
2360 1253 2579 1329 regno
2584 1232 2705 1326 ju-

737 1353 794 1390 “
825 1341 1086 1420 dicem.
1183 1341 1258 1418 Si
1289 1343 1657 1420 neminem
1690 1345 2049 1434 haberem,
2097 1345 2326 1445 perire
2344 1349 2417 1424 δε
2442 1347 2702 1424 exstin-

739 1473 792 1508 “
825 1461 956 1564 gui
1001 1462 1080 1538 id
1129 1465 1445 1554 mallem,
1495 1489 1721 1564 quam
1768 1461 2019 1541 Perseo
2063 1463 2379 1542 scelestae
2434 1466 2701 1544 fraudis

735 1593 790 1630 ‘⁸
823 1583 1220 1684 praemium
1237 1586 1395 1660 efl'e.
1495 1583 1951 1662 Demetrium
1982 1585 2371 1662 excitamm
2398 1589 2489 1664 ab
2520 1587 2701 1664 inse-

735 1715 788 1753 “
825 1703 920 1782 ris
951 1703 1498 1805 restitutumque
1523 1707 1811 1782 credam
1838 1705 2049 1796 mihi,
2098 1709 2263 1796 fite,
2314 1705 2444 1806 qui
2486 1708 2705 1784 morti

736 1836 791 1872 ‘⁸
823 1823 1250 1916 innocentis,
1300 1825 1430 1925 qui
1463 1852 1631 1903 meo
1662 1824 1933 1902 infelici
1965 1825 2177 1902 errori
2202 1852 2392 1902 unus
2421 1827 2699 1904 inlacri-

733 1957 786 1992 “
821 1944 1050 2036 masti,
1099 1945 1178 2022 in
1229 1947 1472 2022 locum
1523 1947 1674 2042 ejus
1725 1944 2185 2022 substitutum
2236 1946 2701 2048 relinquam.”

729 2069 855 2144 Ab
905 2068 1046 2143 hoc
1097 2065 1414 2142 sermone
1455 2066 1658 2142 omni
1690 2093 1945 2166 genere
1988 2066 2277 2144 honoris
2305 2069 2698 2168 producere
2782 2065 2785 2068 ’

731 2213 902 2263 eum
935 2213 1080 2262 non
1099 2185 1390 2263 destitit.
1453 2192 1713 2288 Qum
1746 2186 1823 2261 in
1854 2185 2167 2262 Thracia
2188 2186 2476 2263 Perseus
2503 2187 2697 2265 abes-

731 2306 858 2396 set,
907 2305 1284 2384 circumire
1317 2305 1798 2384 Macedoniae
1829 2309 2068 2397 urbes,
2116 2306 2699 2408 principibusque

733 2425 1190 2526 Antigonum
1233 2427 1771 2502 commendaret
1825 2429 1923 2516 ὅτ,
1971 2429 2021 2502 fi
2056 2425 2199 2502 vita
2228 2427 2509 2529 longior
2534 2428 2697 2505 sub-

725 2545 1026 2647 petiss‘et,
1075 2547 1276 2620 haud
1317 2544 1631 2622 dubium
1656 2545 1819 2634 fuit,
1870 2545 2051 2645 quin
2084 2571 2254 2623 eum
2286 2547 2363 2622 in
2395 2549 2692 2647 pofi'effi-

727 2692 868 2742 one
913 2665 1114 2766 regni
1151 2664 1521 2742 relitsturus
1554 2666 1790 2743 fuerit.
1891 2669 2015 2743 Ab
2042 2667 2499 2743 Demetriade
2530 2694 2693 2767 pro·

729 2785 980 2876 fenus,
1029 2786 1563 2867 Thessalonicae
1596 2787 1990 2887 plurimum
2016 2787 2353 2888 temporis
2384 2807 2695 2864 moratus

727 2905 975 2983 fuerat.
1074 2908 1252 2983 Inde
1310 2933 1544 3006 quum
1596 2907 2075 3007 Amphipolin
2130 2908 2448 2997 veniffet,
2496 2907 2692 3009 gravi

725 3029 982 3103 morbo
1022 3025 1126 3102 est
1175 3024 1564 3126 inplicitus.
1660 3029 1800 3104 Sed
1848 3028 2090 3103 animo
2133 3049 2371 3104 tamen
2400 3054 2693 3129 aegrum

725 3147 954 3247 magis
992 3145 1224 3236 fuisse,
1278 3170 1497 3246 quam
1531 3171 1851 3246 corpore,
1902 3147 2211 3223 constat:
2264 3147 2591 3247 curisque
2622 3153 2693 3224 δι

681 3261 688 3270 ’
725 3265 988 3367 vigiliis
1013 3271 1280 3366 (quum
1307 3265 1731 3342 idemtidem
1756 3265 2016 3365 species
2042 3271 2111 3343 ὅτ
2138 3272 2431 3344 umbrae
2456 3268 2689 3345 inson-

723 3384 816 3461 tis
865 3383 1220 3462 interemti
1269 3383 1400 3460 filii
1444 3385 1819 3487 agitarent)
1857 3386 2284 3464 exstinetum
2338 3391 2473 3465 effe
2518 3414 2689 3466 cum

725 3504 898 3580 diris
953 3503 1544 3584 exsecrationibus
1594 3505 1899 3582 alterius.
1984 3510 2267 3584 Tamen
2322 3509 2692 3584 admoneri

723 3623 1054 3724 potuiffet
1115 3625 1555 3727 Antigonus,
1604 3629 1653 3701 fi
1714 3627 1909 3702 haud
1956 3627 2189 3704 statim
2238 3630 2473 3727 palam
2508 3627 2693 3704 faeta

723 3747 890 3821 effet
919 3759 1106 3820 mors
1137 3745 1343 3846 regis.
1441 3743 1787 3822 Medicus
1840 3745 2266 3847 Calligenes,
2313 3747 2443 3847 qui
2489 3773 2691 3823 cura·

722 3864 903 3940 tioni
927 3887 1256 3966 praeerat,
1287 3891 1432 3942 non
1458 3865 1849 3964 exspectata
1872 3889 2097 3942 morte
2130 3865 2339 3966 regis,
2370 3893 2415 3943 a
2440 3866 2691 3966 primis

725 3984 1221 4086 desperationis
1265 3986 1452 4062 notis
1505 3985 1809 4062 nuncios
1860 3986 2412 4086 praedispositos,
2460 3986 2560 4062 ita
2602 4007 2691 4063 ut

722 4127 1166 4198 convenerat,
1201 4107 1382 4184 mifit
1413 4107 1507 4184 ad
1541 4105 1869 4182 Perseum
1886 4139 1911 4196 3
1963 4111 2033 4182 ὅτ
2066 4127 2371 4184 mortem
2402 4105 2583 4207 regis
2611 4107 2688 4182 in
