3100 5359
689 698 830 770 288
1353 696 2073 771 T.L1v11-

692 878 746 912 “
779 865 992 943 cunia
1044 866 1474 957 communis,
1529 893 1673 942 neu
1716 868 1881 967 quis
1912 868 2241 970 magister
2270 868 2661 959 sacrorum,

691 999 744 1033 “
777 1007 899 1063 aut
928 986 1242 1063 sacerdos
1275 989 1506 1064 effet.”

785 1110 994 1183 XIX.
1096 1106 1326 1182 Aliud
1371 1107 1635 1183 deinde
1695 1108 1869 1185 huic
1934 1110 2428 1205 conjunctum,
2474 1108 2659 1185 refe-

689 1249 882 1303 rente
933 1228 1352 1329 QMarcio
1407 1228 1721 1318 consule,
1781 1227 2458 1305 senatusconsultum
2507 1229 2658 1304 fac-

688 1369 846 1423 tum
876 1347 1001 1433 est,
1058 1358 1110 1391 “
1147 1350 1258 1424 Ut
1283 1350 1374 1423 de
1404 1347 1517 1438 iis,
1552 1375 1737 1449 quos
1768 1375 1899 1447 pro
1932 1348 2294 1425 indicibus
2331 1349 2661 1426 consules

687 1476 740 1511 “
774 1464 1197 1556 habuiffent,
1256 1466 1531 1568 integra
1580 1494 1689 1545 res
1737 1471 1829 1544 ad
1874 1468 2193 1545 senatum
2258 1469 2657 1557 referretur,

688 1596 740 1630 “
775 1610 1012 1685 quum
1061 1590 1184 1688 Sp.
1226 1587 1663 1677 PostumiuS,
1704 1588 2237 1692 quaestionibus
2297 1589 2655 1690 perfectis„

688 1713 740 1751 “
776 1710 1092 1784 Romam
1121 1706 1466 1783 rediffet.”
1564 1708 1894 1783 Minium
1922 1709 2329 1785 Cerrinium
2349 1712 2658 1808 Campa-

687 1854 868 1903 num
922 1828 1237 1903 Ardeam
1290 1826 1366 1903 in
1406 1827 1695 1905 vincula
1738 1828 2173 1904 mittendum
2201 1826 2656 1920 censuerunt,

684 1946 1342 2048 magistratibusque
1410 1948 1839 2025 Ardeatium
1904 1948 2489 2047 praedicendum,
2567 1972 2663 2027 ut

687 2068 1061 2146 intentiore
1115 2093 1285 2143 eum
1336 2068 1661 2145 custodia
1700 2067 2184 2158 adservarem,
2235 2097 2383 2146 non
2420 2069 2657 2147 solum

685 2217 776 2265 ne
815 2190 1185 2289 effugeret,
1244 2186 1366 2263 sed
1419 2216 1508 2263 ne
1562 2189 1809 2265 mortis
1838 2189 2374 2268 consciscendae
2406 2194 2657 2269 locum

685 2312 997 2387 haberet.
1098 2312 1217 2410 Sp.
1252 2308 1665 2385 Postumius
1710 2309 2076 2409 aliquanto
2128 2312 2287 2410 post
2335 2317 2659 2389 Romam

685 2429 903 2509 venit.
1004 2432 1118 2505 Eo
1168 2428 1533 2519 referente,
1572 2432 1663 2505 de
1714 2433 1797 2506 P.
1847 2431 2150 2508 Aebutii
2210 2437 2281 2507 sc
2313 2432 2655 2533 Hispalae

689 2548 1032 2628 Feceniae
1099 2550 1439 2651 praemi0‚
1501 2553 1706 2651 quod
1757 2577 2013 2627 eorum
2070 2580 2285 2653 opera
2343 2553 2656 2629 indicata

687 2667 1148 2747 Bacchanalia
1193 2673 1436 2760 effent,
1482 2670 2153 2749 senatusconsultum
2209 2673 2479 2751 factum
2522 2675 2654 2764 est,

686 2801 741 2836 “
778 2793 890 2867 Ut
939 2789 1228 2891 fingulis
1277 2789 1390 2867 his
1438 2812 1736 2867 centena
1786 2791 2011 2867 millia
2048 2793 2223 2869 aeris
2256 2792 2657 2893 quaestores

690 2922 742 2957 “
779 2911 1032 2987 urbani
1085 2938 1176 2986 ex
1219 2910 1480 2988 aerario
1514 2913 1783 2987 darent.
1882 2912 2165 3011 Utique
2199 2913 2445 2989 consul
2478 2941 2653 2991 cum

689 3044 743 3078 “
778 3032 1082 3109 tribunis
1112 3030 1339 3131 plebis
1363 3052 1623 3131 ageret,
1654 3052 1737 3106 ut
1769 3034 1861 3107 ad
1888 3034 2175 3131 plebem
2202 3033 2436 3133 primo
2469 3062 2651 3135 quo-

691 3164 742 3199 “
778 3180 921 3254 que
969 3174 1288 3252 tempore
1321 3151 1607 3241 ferrent,
1634 3174 1719 3229 ut
1752 3155 1835 3227 P.
1864 3153 2183 3229 Aebutio
2216 3156 2510 3231 emerita
2531 3156 2651 3231 sti-

691 3286 745 3321 “
777 3273 1040 3375 pendia
1094 3274 1334 3361 effent,
1386 3298 1477 3348 ne
1523 3271 1789 3349 invitus
1822 3272 2180 3362 militaret,
2206 3302 2385 3351 neve
2412 3276 2655 3353 censor

690 3405 741 3440 “
777 3393 846 3471 ei
887 3418 1163 3493 equum
1196 3391 1571 3491 publicum
1606 3394 2017 3493 adfignaret.
2118 3396 2399 3495 Utique
2434 3399 2657 3474 Fece-

691 3526 744 3562 “
779 3514 936 3591 niae
970 3512 1306 3612 Hispalae
1339 3512 1561 3603 datio,
1597 3514 2028 3605 deminutiO,
2062 3516 2295 3616 gentis
2328 3519 2651 3617 enuptio,

688 3648 742 3683 ‘⁶
779 3635 1030 3713 tutoris
1079 3632 1280 3733 optio
1321 3632 1498 3709 item
1535 3637 1728 3723 effet,
1779 3636 1975 3734 quali
2000 3635 2067 3711 ei
2100 3636 2209 3711 vir
2238 3637 2656 3717 testamento

691 3756 1096 3833 “.dediffet.
1196 3752 1477 3853 Utique
1523 3754 1591 3829 ei
1639 3754 1959 3854 ingenuo
2020 3760 2286 3833 nubere
2366 3757 2649 3838 liceret:

693 3885 746 3921 “
783 3900 924 3950 neu
959 3872 1141 3973 quid
1173 3873 1266 3963 ei,
1303 3873 1432 3974 qui
1466 3900 1623 3950 eam
1658 3874 1993 3966 duxiffet,
2038 3880 2137 3953 ob
2171 3877 2248 3953 id
2282 3876 2511 3954 fraudi
2542 3879 2653 3981 ig-

691 4006 744 4041 “
779 3992 1225 4071 nominiaeve
1278 3992 1468 4069 effer.
1571 3993 1853 4094 Utique
1904 3995 2221 4074 consules
2282 4000 2653 4099 praetores-

692 4126 746 4163 “
779 4140 949 4217 que,
977 4113 1108 4214 qui
1133 4139 1328 4191 nunc
1357 4116 1601 4203 efl‘ent,
1634 4113 1853 4214 quive
1886 4116 2125 4215 postea
2156 4116 2380 4197 futuri
2410 4123 2655 4213 efl'ent,
