3100 5359
807 700 999 803 108·
1447 696 2102 769 T.L1v11

791 869 1065 958 avertit,
1127 890 1246 943 aut
1273 868 1676 945 volentibus
1729 868 1811 941 iis
1846 868 2095 945 usurus
2125 888 2530 943 commeatu
2561 894 2760 967 para-

794 1006 871 1063 to
930 988 1275 1076 hostibu5‚
1364 1010 1486 1065 aut
1549 988 1734 1086 ipsos
1791 1016 1918 1087 pro
1977 988 2297 1064 hostibus
2363 988 2763 1063 habiturus.

791 1114 1043 1208 Qum
1098 1107 1501 1183 direxissent
1557 1111 1652 1184 ad
1713 1130 1962 1183 terram
2015 1136 2276 1205 proram,
2336 1108 2764 1206 quindecim

792 1226 1013 1303 ferme
1066 1227 1164 1302 eis
1218 1254 1423 1302 naves
1476 1228 1663 1303 circa
1721 1228 2208 1326 Myonnesum
2253 1230 2766 1325 adparuerunt,

792 1372 973 1447 quas
1006 1346 1237 1445 primo
1291 1374 1381 1421 ex
1414 1350 1613 1421 claffe
1667 1348 1858 1445 regia
1888 1369 2162 1445 praetor
2219 1351 2351 1421 effe
2385 1368 2598 1434 ratuS‚
2655 1347 2764 1420 in·

792 1466 966 1541 stitit
1017 1466 1239 1567 sequi.
1342 1468 1698 1565 Adparuit
1748 1467 1941 1555 inde,
1993 1466 2312 1565 piraticas
2358 1466 2632 1541 celoces
2695 1471 2766 1541 δε

788 1588 1063 1661 lembos
1097 1588 1247 1659 effe.
1352 1586 1699 1661 Chiorum
1735 1586 2162 1661 maritimam
2207 1611 2402 1660 oram
2436 1590 2765 1685 depopu-

786 1704 935 1793 lati,
999 1731 1169 1781 cum
1202 1704 1435 1780 omnis
1470 1707 1742 1805 generis
1775 1709 2032 1803 praeda
2063 1728 2504 1793 revertenteS,
2566 1708 2760 1804 post·

788 1850 1007 1923 quam
1059 1824 1297 1899 videre
1336 1852 1427 1899 ex
1458 1828 1604 1899 alto
1629 1827 1930 1913 claffem,
1991 1825 2066 1899 in
2100 1826 2345 1924 fugam
2379 1847 2766 1901 verterunt.

794 1948 893 2019 Et
918 1943 1265 2019 celeritate
1301 1943 1740 2043 superabant,
1793 1944 2176 2020 levioribus
2207 1952 2274 2021 ὅτ
2297 1948 2387 2019 ad
2427 1946 2504 2020 id
2531 1946 2762 2023 fabre-

791 2063 989 2139 factis
1024 2063 1348 2163 navigiis,
1410 2065 1487 2137 &
1516 2064 1875 2163 propiores
1912 2084 2127 2140 terrae
2159 2085 2374 2139 erant.
2476 2068 2764 2163 Itaque,

788 2183 1200 2283 priusquam
1260 2183 1856 2281 adpropinquaret
1941 2186 2180 2271 claffis,
2269 2184 2766 2281 Myonnesum

789 2304 1272 2404 perfugerunt.
1374 2306 1595 2377 Unde
1632 2303 1696 2378 se
1730 2330 1771 2377 a
1799 2324 2006 2401 portu
2045 2324 2230 2377 ratus
2251 2304 2766 2379 abstraiturum

790 2450 1024 2511 nave5‚
1076 2422 1360 2522 ignarus
1386 2422 1524 2497 loci
1556 2422 1973 2519 sequebatur
1998 2445 2294 2522 praetor.
2395 2425 2767 2521 Myonne-

788 2543 899 2618 sus
952 2542 1523 2643 promontorium
1589 2542 1772 2616 inter
1843 2546 2085 2617 Teum
2147 2546 2584 2639 Samumque
2637 2544 2766 2619 est.

788 2662 937 2761 Ipse
974 2662 1172 2737 collis
1208 2660 1307 2734 est
1339 2661 1413 2733 in
1446 2662 1752 2735 modum
1787 2682 2012 2735 metae
2066 2662 2142 2735 in
2191 2685 2487 2736 acutum
2547 2688 2760 2737 cacu-

788 2808 955 2855 men
992 2808 1033 2854 a
1064 2779 1295 2857 fundo
1328 2778 1484 2855 satis
1518 2782 1660 2853 lato
1694 2779 2094 2879 fastigatus:
2147 2808 2186 2853 a
2219 2780 2612 2855 continenti
2650 2808 2762 2856 ar-

786 2921 896 2975 tae
934 2898 1229 2975 semitae
1262 2898 1541 2975 aditum
1567 2901 1778 2974 habet
1811 2930 1830 2972 2
1887 2926 1927 2973 a
1959 2899 2134 2973 mari
2161 2898 2400 2974 exesae
2419 2900 2766 2977 fludibus

786 3047 994 3119 rupes
1030 3020 1425 3106 claudunt3
1482 3017 1579 3093 ita
1609 3041 1690 3092 ut
1717 3018 2152 3118 quibusdam
2177 3020 2353 3095 locis
2385 3019 2766 3118 superpen-

787 3138 1029 3215 dentia
1062 3138 1218 3215 saxa
1250 3140 1408 3237 plus
1435 3138 1511 3213 in
1540 3139 1794 3226 altum,
1854 3164 2104 3236 quam,
2154 3166 2334 3238 quae
2364 3139 2441 3212 in
2467 3138 2765 3215 statione

786 3259 973 3349 sunt,
1018 3286 1255 3349 naves,
1315 3259 1784 3359 promineant.
1885 3259 2094 3335 Circa
2127 3285 2206 3334 ea
2237 3257 2766 3356 adpropinqua-

788 3406 861 3455 re
895 3407 1041 3456 non
1074 3380 1273 3455 ausae
1300 3406 1535 3468 naves,
1597 3406 1686 3455 ne
1723 3379 1852 3454 sub
1887 3379 2032 3454 iau
2069 3377 2609 3477 superstantium
2645 3404 2766 3453 ru-

784 3499 997 3599 pibus
1042 3500 1426 3599 piratarum
1462 3501 1704 3587 effent,
1773 3498 1969 3573 diem
2018 3499 2292 3573 trivere.
2393 3500 2765 3587 Tandem,

790 3620 919 3696 sub
971 3622 1255 3693 noitem
1290 3644 1473 3692 vano
1508 3618 1797 3716 incepto
1832 3645 2062 3717 quum
2105 3617 2543 3706 abstitiffent,
2615 3622 2764 3693 Te·

781 3766 913 3813 urn
964 3738 1238 3835 postero
1297 3737 1415 3811 die
1474 3740 1852 3813 acceffere:
1918 3738 2021 3826 δε,
2077 3738 2154 3812 in
2199 3760 2435 3837 portu,
2489 3738 2615 3837 qui
2671 3742 2768 3815 ab

780 3880 979 3958 tergo
1009 3856 1201 3933 urbis
1222 3856 1347 3943 est,
1402 3856 1926 3954 (Geraesticum
1981 3856 2106 3956 ipfi
2139 3859 2521 3956 adpellant)
2563 3860 2762 3933 navi-

778 3982 913 4055 bus
965 3975 1384 4063 constitutiS,
1448 3998 1726 4073 praetor
1779 3978 1872 4049 ad
1925 3978 2516 4077 depopulandum
2576 3980 2762 4059 circa

776 4100 1032 4175 urbem
1056 4122 1310 4197 agrum
1340 4094 1610 4170 milites
1645 4094 1895 4171 emifit.
