3100 5359
813 689 888 763 L
941 713 968 762 1
1030 712 1070 762 n
1129 711 1173 762 E
1231 711 1277 760 R
1381 685 1816 760 XXXVIII.
2148 711 2289 786 233

327 871 384 904 ⁸⁸
414 879 512 948 ta,
567 881 754 959 quae
811 881 1273 958 quererentur
1319 885 1410 934 ex
1451 859 1751 934 aedibus
1795 857 1999 934 sacris
2032 857 2305 934 sublata

331 993 384 1026 ⁸⁸
417 981 584 1070 effe,
629 983 722 1055 de
757 980 869 1069 iis,
903 1005 1138 1080 quum
1175 983 1289 1056 M.
1323 979 1621 1056 Fulvius
1652 983 1967 1054 Romam
1994 979 2307 1056 revertis-

331 1112 384 1146 ⁸‘
420 1097 548 1189 set,
583 1101 858 1198 placere
885 1101 978 1175 ad
1019 1100 1402 1201 collegium
1441 1099 1868 1199 pontificum
1904 1097 2169 1188 referri,
2204 1104 2303 1188 ἃ,

331 1233 386 1268 “
421 1223 631 1319 quod
667 1219 717 1293 ii
753 1220 1196 1310 censuifl'ent,
1251 1220 1472 1296 fieri.”
1571 1223 1837 1318 Neque
1872 1219 1983 1293 his
2012 1239 2304 1294 conten-

333 1364 448 1416 tus
475 1339 724 1416 consul
759 1341 922 1428 fuit,
957 1340 1076 1416 sed
1109 1341 1346 1441 postea
1384 1367 1508 1440 per
1533 1337 2083 1437 infrequentiam
2114 1341 2305 1437 adje-

333 1461 440 1538 cit
489 1459 1195 1549 senatusconsultum,
1255 1471 1308 1505 ⁸⁸
1347 1459 1812 1536 Ambraciam
1868 1485 2015 1534 non
2076 1455 2306 1534 videri

335 1593 388 1626 ⁸⁸
425 1581 502 1656 vi
551 1601 834 1680 captam
875 1583 1086 1656 effe.”
1183 1573 1625 1680 supplicatio
1658 1579 1855 1670 inde,
1898 1605 1992 1654 ex
2020 1582 2311 1656 decem-

335 1701 655 1778 virorum
703 1704 1018 1789 decreto,
1064 1725 1192 1801 pro
1241 1701 1653 1777 valetudine
1698 1701 1949 1800 populi
2002 1700 2141 1776 fuit
2192 1727 2317 1800 per

336 1823 694 1910 triduum,
725 1821 901 1922 quia
931 1821 1162 1920 gravis
1181 1820 1574 1920 pestilentia
1594 1825 1844 1896 urbem
1864 1843 2080 1930 atque
2110 1847 2315 1921 agros

336 1943 674 2018 vastabat.
759 1941 1061 2016 Latinae
1095 1940 1264 2015 inde
1299 1939 1613 2016 fuerunt.
1710 1942 2003 2043 Qibus
2032 1941 2315 2043 religio-

337 2061 556 2139 nibus
589 2060 862 2138 libemti
883 2060 1232 2148 consules,
1285 2061 1362 2134 &
1389 2063 1670 2137 delectu
1708 2063 2047 2160 perfeeto,
2078 2061 2315 2160 (novis

335 2181 536 2256 enim
583 2203 886 2281 uterque
921 2179 1174 2256 maluit
1205 2179 1312 2256 uti
1347 2180 1729 2278 militibus)
1768 2181 1843 2257 in
1876 2179 2315 2280 provinciam

337 2301 641 2404 proffli
667 2301 870 2377 sunt:
905 2300 1311 2400 veteresque
1339 2327 1587 2376 omnes
1612 2301 2052 2378 dimiserunt.
2152 2301 2319 2378 Post

337 2419 723 2500 consulum
773 2420 1288 2522 profectionem
1337 2423 1478 2496 Cn.
1546 2421 1869 2498 Manlius
1932 2422 2317 2522 proconsul

341 2547 666 2620 Romam
697 2541 920 2632 venit,
953 2540 1076 2617 cui
1099 2567 1330 2640 quum
1357 2546 1449 2616 ab
1475 2544 1618 2616 Ser.
1650 2541 1971 2643 Sulpicio
2002 2561 2317 2642 praetore

339 2665 622 2740 senatus
646 2665 736 2739 ad
763 2665 1012 2738 aedem
1042 2664 1366 2736 Bellonae
1385 2663 1595 2736 datus
1616 2661 1812 2751 effer,
1836 2667 1903 2738 &
1924 2661 2097 2762 ipse,
2120 2689 2317 2738 com-

343 2784 756 2860 memoratis
785 2786 996 2858 rebus
1015 2785 1106 2857 ab
1131 2781 1200 2856 se
1233 2781 1468 2882 gestis,
1495 2782 1919 2882 postulasset,
1964 2804 2051 2858 ut
2078 2787 2177 2858 ob
2204 2809 2321 2860 eas

345 2905 514 2982 Diis
545 2902 1042 2978 inmortalibus
1073 2903 1301 2977 honos
1327 2905 1728 2990 haberetur,
1774 2902 2044 3002 stbique
2070 2902 2321 2978 trium·

345 3023 602 3126 phanti
641 3027 888 3098 urbem
921 3021 1164 3098 invehi
1209 3022 1502 3110 liceret3
1549 3024 2133 3098 contradixerunt
2166 3049 2323 3122 pars

345 3145 578 3242 major
621 3145 876 3218 decem
929 3144 1349 3242 legatorum,
1398 3141 1740 3241 quicum
1776 3170 1865 3219 oo
1898 3141 2199 3231 fuerant,
2250 3148 2321 3218 δι

346 3287 514 3342 ante
573 3263 748 3340 alios
799 3267 892 3340 L.
940 3263 1200 3340 Fun'us
1245 3267 1639 3362 Purpureo,
1692 3270 1769 3339 ὅτ
1822 3267 1917 3340 L.
1974 3261 2323 3340 Aemilius

349 3387 666 3462 Paullus„

449 3507 695 3582 XLV.
791 3513 848 3548 ⁸⁸
885 3505 1196 3604 Legatos
1242 3502 1379 3580 sese
1409 3507 1552 3580 Cn.
1588 3505 1875 3580 Manlio
1901 3505 2109 3580 datos
2134 3503 2325 3605 pacis

355 3637 409 3672 ⁸⁸
443 3651 621 3702 cum
667 3623 1033 3700 Antiocho
1065 3623 1428 3700 faciendae
1462 3627 1717 3715 cauffa,
1779 3623 2217 3726 foederisque
2248 3625 2325 3700 δι

355 3758 408 3792 “
443 3748 718 3845 legum,
749 3769 936 3843 quae
957 3769 1126 3820 cum
1161 3747 1254 3820 L.
1287 3745 1620 3845 Scipione
1644 3745 2008 3822 inchoatae
2040 3743 2325 3823 fuiffent

357 3877 411 3912 ⁸⁸
447 3864 1064 3965 perficiendarum.
1157 3867 1300 3940 Cn.
1329 3867 1700 3942 Manlium
1747 3864 2025 3942 summa
2049 3893 2190 3967 ope
2219 3890 2325 3944 te-

360 3997 412 4031 ⁸⁸
447 3985 770 4074 tendiffe,
801 4005 886 4060 ut
911 4011 1064 4060 eam
1099 4011 1345 4084 pacem
1375 3990 1711 4075 turbaret,
1742 3992 1815 4064 ὅτ
1849 3985 2325 4076 Antiochum,

357 4118 410 4152 ⁸⁸
445 4109 498 4182 (i
539 4105 646 4182 sui
676 4105 1094 4206 potestatum
1125 4104 1416 4198 fecisset,
1465 4107 1729 4184 infidiis
1750 4105 2152 4207 exciperet:
2204 4107 2325 4184 sed
