3100 5359
767 698 902 749 120
1417 675 2044 749 T.L1vr1

757 867 860 933 to,
894 844 1291 921 societatem
1321 847 1554 923 omnis
1604 847 1830 947 regni,
1877 852 1922 923 fi
1951 864 2084 947 per·
2103 872 2274 923 eum
2299 870 2548 946 pacem
2575 844 2712 919 im-

758 968 1095 1065 petrasset.
1195 968 1317 1041 Ad
1362 993 1444 1040 ea
1475 966 1756 1065 Scipio:
1811 978 1860 1011 “
1898 968 2124 1068 Qod
2157 969 2526 1041 Romanos
2558 991 2715 1039 om·

763 1095 813 1129 ‘⁸
852 1111 1001 1171 neS,
1056 1087 1256 1183 quod
1314 1111 1458 1174 me,
1520 1087 1612 1159 ad
1679 1112 1898 1183 quem
1947 1086 2196 1161 missus
2247 1112 2346 1173 σε,
2409 1083 2716 1184 ignoras,

766 1216 817 1251 “
856 1204 1095 1278 minus
1142 1204 1403 1291 miror3
1463 1230 1696 1302 quum
1743 1226 1811 1279 te
1845 1204 2200 1280 fortunam
2251 1204 2424 1299 ejus,
2481 1228 2524 1276 a
2567 1227 2718 1300 quo

754 1336 813 1423 ·“
848 1324 1071 1412 venis,
1122 1323 1437 1424 ignorare
1503 1350 1807 1399 cernam.
1924 1321 2371 1423 Lyfimachia
2417 1322 2724 1395 tenenda

761 1454 811 1488 “
846 1464 1015 1530 erat,
1076 1468 1165 1517 ne
1194 1442 1700 1517 Chersonesum
1749 1442 2199 1529 intraremus;
2253 1462 2378 1515 aut
2408 1443 2501 1516 ad
2533 1443 2718 1516 Hel-

760 1573 811 1609 “
846 1562 1248 1660 lespontum
1309 1562 1812 1651 obsistendum,
1871 1590 1961 1639 ne
1994 1562 2070 1637 in
2105 1566 2342 1638 Asiam
2376 1561 2715 1659 trajicere-

761 1694 811 1728 “
844 1708 1037 1757 mus:
1091 1686 1137 1755 fi
1180 1707 1425 1779 pacem
1482 1703 1848 1781 tamquam
1895 1685 1986 1757 ab
2038 1681 2350 1757 sollicitis
2410 1684 2502 1755 de
2549 1680 2720 1755 belli

762 1812 812 1846 “
848 1820 1104 1875 eveum
1137 1799 1426 1899 petituri
1474 1800 1701 1875 eratiS.
1801 1803 2144 1875 Conceffo
2177 1826 2341 1875 vero
2375 1800 2452 1875 in
2479 1803 2716 1875 Afiam

762 1932 813 1965 “
848 1923 1158 2007 transitu,
1223 1919 1296 1991 ὅτ
1356 1945 1502 1993 non
1548 1918 1778 1995 solum
1829 1918 2066 2008 frenis»,
2125 1919 2242 1993 sed
2303 1918 2514 1993 etiam
2535 1919 2721 2017 jugo

763 2051 813 2084 “
848 2060 1170 2137 accepte,
1218 2064 1399 2136 quae
1434 2038 1846 2136 disceptatio
1880 2065 1969 2112 ex
2008 2065 2264 2137 aequo,
2319 2062 2548 2135 quum
2585 2036 2718 2111 im·-

762 2170 814 2206 “
848 2160 1129 2258 perium
1194 2156 1616 2254 patiendum
1683 2161 1786 2244 fit,
1851 2157 2088 2231 relicia
2140 2158 2284 2232 est?
2412 2159 2572 2255 Ego
2629 2183 2722 2231 ex

759 2290 811 2325 ‘⁴
847 2276 1337 2353 munificentia
1369 2276 1558 2374 regia
1581 2275 1976 2350 maximum
2010 2278 2287 2351 donum
2314 2274 2545 2352 filium
2597 2279 2718 2351 ha-

762 2410 813 2443 “
852 2402 1073 2474 bebo:
1110 2396 1289 2484 aliis,
1326 2397 1519 2469 Deos
1565 2421 1834 2492 precor,
1889 2421 1978 2469 ne
2033 2420 2382 2493 umquam
2442 2394 2722 2469 fortuna

763 2529 817 2562 “
854 2536 1054 2616 egeat
1118 2541 1314 2601 mea3
1382 2513 1664 2588 animus
1735 2535 1920 2589 certe
1979 2540 2124 2588 non
2185 2513 2446 2612 egebit.
2582 2517 2720 2588 Pro

758 2647 809 2681 “
845 2656 1041 2711 tanto
1082 2633 1157 2707 in
1182 2660 1296 2709 me
1318 2658 1608 2707 munere
1631 2648 1908 2732 gratum
1937 2658 2052 2707 me
2080 2636 2210 2707 effe
2239 2629 2312 2706 in
2347 2632 2413 2707 se
2448 2631 2716 2721 sentiet,

760 2764 813 2798 “
848 2756 894 2827 fi
928 2753 1269 2852 privatam
1292 2751 1586 2851 gratiam
1619 2776 1746 2851 pro
1771 2751 2046 2849 privato
2077 2752 2427 2826 beneficio
2461 2752 2722 2826 defide-

765 2882 816 2916 “
852 2871 1068 2947 rabit.
1163 2870 1461 2945 Publice
1516 2896 1650 2945 nec
1713 2873 1942 2945 habeo
2000 2870 2400 2968 quidquam
2447 2875 2539 2945 ab
2585 2870 2732 2959 illo,

758 3002 811 3035 “
852 3016 983 3065 nec
1076 2992 1286 3065 dabo.
1394 2989 1620 3089 Qod
1674 2986 1748 3062 in
1817 2988 2195 3087 praesentia
2241 2992 2406 3066 dare
2451 2992 2722 3087 poffim,

759 3120 815 3155 “
854 3110 1062 3185 fidele
1106 3107 1475 3184 confilium
1508 3107 1631 3183 est.
1733 3108 1910 3196 Abi,
1944 3108 2204 3183 nuncia
2259 3109 2435 3183 meis
2467 3110 2722 3197 verbiS,

764 3239 816 3273 “
859 3231 1047 3305 bello
1101 3227 1395 3316 absistat,
1453 3225 1644 3326 pacis
1693 3226 2178 3301 conditionem
2231 3232 2496 3303 nullam
2527 3254 2722 3304 recu·

770 3358 825 3393 “
860 3347 1023 3423 set.”
1122 3345 1331 3422 Nihil
1350 3372 1431 3419 ea
1453 3366 1830 3421 moverunt
1849 3372 2112 3446 regem,
2136 3367 2360 3421 tutam
2373 3347 2520 3421 fore
2553 3348 2718 3423 belli

750 3469 977 3543 aleam
996 3486 1253 3554 ratum,
1284 3466 1574 3565 quando
1595 3464 1886 3563 perinde
1901 3492 1980 3541 ac
2001 3466 2190 3541 victo
2199 3467 2348 3562 jam
2371 3468 2501 3544 fibi
2532 3471 2720 3569 leges

752 3585 1175 3660 dicerentur.
1272 3582 1543 3659 Omiffa
1573 3583 1791 3683 igitur
1834 3584 1912 3659 in
1935 3584 2316 3683 praesentia
2341 3588 2710 3663 mentione

749 3703 970 3803 pacis,
1030 3724 1251 3776 totam
1284 3726 1529 3776 curam
1566 3702 1639 3776 in
1696 3702 1862 3778 belli
1911 3704 2320 3800 adparatum
2356 3705 2688 3782 intendit.

854 3820 1250 3897 XXXVII.
1369 3819 1662 3909 Consul,
1749 3820 2090 3897 omnibus
2153 3826 2568 3925 praeparatis
2624 3829 2718 3901 ad

752 3941 1096 4041 propofita
1128 3938 1602 4037 exsequenda,
1669 3964 1902 4037 quum
1958 3967 2048 4015 ex
2080 3941 2340 4017 stativis
2367 3944 2715 4034 moviss'et,

752 4059 1173 4137 Dardanum
1204 4056 1547 4158 primum,
1607 4056 1869 4135 deinde
1903 4062 2345 4153 Rhoeteum,
2410 4084 2724 4161 utraque
