<?xml version="1.0" encoding="UTF-8"?>
<!DOCTYPE html PUBLIC "-//W3C//DTD XHTML 1.0 Transitional//EN"
    "http://www.w3.org/TR/xhtml1/DTD/xhtml1-transitional.dtd">
<html xmlns="http://www.w3.org/1999/xhtml" xml:lang="en" lang="en">
 <head>
  <title>
</title>
<meta http-equiv="Content-Type" content="text/html;charset=utf-8" />
  <meta name='ocr-system' content='tesseract 3.04.00' />
  <meta name='ocr-capabilities' content='ocr_page ocr_carea ocr_par ocr_line ocrx_word'/>
</head>
<body>
  <div class='ocr_page' id='page_1' title='image "./tliviipatavinih01homegoog_0382.png"; bbox 0 0 3100 5359; ppageno 0'>
   <div class='ocr_carea' id='block_1_1' title="bbox 753 759 2055 868">
    <p class='ocr_par' dir='ltr' id='par_1_1' title="bbox 753 759 2055 868">
     <span class='ocr_line' id='line_1_1' title="bbox 753 759 2055 868; baseline -0.027 -2"><span class='ocrx_word' id='word_1_1' title='bbox 753 789 915 868; x_wconf 80' lang='lat'>374</span> <span class='ocrx_word' id='word_1_2' title='bbox 1413 759 2055 838; x_wconf 79' lang='lat' dir='ltr'><strong>T.L1v11</strong></span> 
     </span>
    </p>
   </div>
   <div class='ocr_carea' id='block_1_2' title="bbox 752 929 2745 3320">
    <p class='ocr_par' dir='ltr' id='par_1_2' title="bbox 752 929 2745 3320">
     <span class='ocr_line' id='line_1_2' title="bbox 756 929 2730 1040; baseline -0.004 -24"><span class='ocrx_word' id='word_1_3' title='bbox 756 951 808 986; x_wconf 79' lang='lat'>‘⁶</span> <span class='ocrx_word' id='word_1_4' title='bbox 845 943 894 1016; x_wconf 88' lang='lat' dir='ltr'>fi</span> <span class='ocrx_word' id='word_1_5' title='bbox 927 963 1050 1040; x_wconf 93' lang='lat' dir='ltr'>per</span> <span class='ocrx_word' id='word_1_6' title='bbox 1083 933 1528 1014; x_wconf 88' lang='lat' dir='ltr'>deditionem</span> <span class='ocrx_word' id='word_1_7' title='bbox 1564 934 1873 1038; x_wconf 81' lang='lat' dir='ltr'>Ligures</span> <span class='ocrx_word' id='word_1_8' title='bbox 1910 929 2229 1032; x_wconf 84' lang='lat' dir='ltr'><strong>recipiet,</strong></span> <span class='ocrx_word' id='word_1_9' title='bbox 2282 929 2579 1032; x_wconf 85' lang='lat' dir='ltr'>receptis</span> <span class='ocrx_word' id='word_1_10' title='bbox 2620 949 2730 1008; x_wconf 83' lang='lat' dir='ltr'>ar-</span> 
     </span>
     <span class='ocr_line' id='line_1_3' title="bbox 759 1049 2735 1156; baseline -0.005 -21"><span class='ocrx_word' id='word_1_11' title='bbox 759 1070 812 1104; x_wconf 92' lang='lat'><strong>“</strong></span> <span class='ocrx_word' id='word_1_12' title='bbox 848 1085 966 1134; x_wconf 88' lang='lat' dir='ltr'>ma</span> <span class='ocrx_word' id='word_1_13' title='bbox 991 1057 1256 1134; x_wconf 80' lang='lat' dir='ltr'>adimi:</span> <span class='ocrx_word' id='word_1_14' title='bbox 1309 1079 1554 1156; x_wconf 89' lang='lat' dir='ltr'>atque,</span> <span class='ocrx_word' id='word_1_15' title='bbox 1598 1082 1719 1132; x_wconf 87' lang='lat' dir='ltr'>eos</span> <span class='ocrx_word' id='word_1_16' title='bbox 1748 1057 1843 1130; x_wconf 87' lang='lat' dir='ltr'>ad</span> <span class='ocrx_word' id='word_1_17' title='bbox 1876 1052 2239 1131; x_wconf 89' lang='lat' dir='ltr'>consulem</span> <span class='ocrx_word' id='word_1_18' title='bbox 2273 1051 2492 1142; x_wconf 88' lang='lat' dir='ltr'>mitti,</span> <span class='ocrx_word' id='word_1_19' title='bbox 2538 1049 2735 1127; x_wconf 80' lang='lat' dir='ltr'>sena·</span> 
     </span>
     <span class='ocr_line' id='line_1_4' title="bbox 757 1173 2734 1276; baseline -0.004 -21"><span class='ocrx_word' id='word_1_20' title='bbox 757 1189 810 1224; x_wconf 85' lang='lat'><strong>“</strong></span> <span class='ocrx_word' id='word_1_21' title='bbox 847 1200 1006 1255; x_wconf 92' lang='lat' dir='ltr'>tum</span> <span class='ocrx_word' id='word_1_22' title='bbox 1063 1201 1380 1276; x_wconf 86' lang='lat' dir='ltr'>aequum</span> <span class='ocrx_word' id='word_1_23' title='bbox 1439 1173 1786 1252; x_wconf 87' lang='lat' dir='ltr'>censere.”</span> <span class='ocrx_word' id='word_1_24' title='bbox 1882 1177 2239 1250; x_wconf 86' lang='lat' dir='ltr'>Praetores</span> <span class='ocrx_word' id='word_1_25' title='bbox 2264 1173 2523 1248; x_wconf 90' lang='lat' dir='ltr'>eodem</span> <span class='ocrx_word' id='word_1_26' title='bbox 2550 1191 2734 1248; x_wconf 87' lang='lat' dir='ltr'>tem-</span> 
     </span>
     <span class='ocr_line' id='line_1_5' title="bbox 752 1291 2737 1398; baseline -0.004 -23"><span class='ocrx_word' id='word_1_27' title='bbox 752 1325 950 1398; x_wconf 84' lang='lat' dir='ltr'>pore,</span> <span class='ocrx_word' id='word_1_28' title='bbox 1003 1299 1086 1373; x_wconf 90' lang='lat' dir='ltr'>P.</span> <span class='ocrx_word' id='word_1_29' title='bbox 1107 1295 1431 1372; x_wconf 86' lang='lat' dir='ltr'>Manlius</span> <span class='ocrx_word' id='word_1_30' title='bbox 1451 1295 1530 1370; x_wconf 92' lang='lat' dir='ltr'>in</span> <span class='ocrx_word' id='word_1_31' title='bbox 1560 1292 1971 1371; x_wconf 85' lang='lat' dir='ltr'>ulteriorem</span> <span class='ocrx_word' id='word_1_32' title='bbox 2004 1291 2459 1394; x_wconf 86' lang='lat' dir='ltr'>Hispaniam,</span> <span class='ocrx_word' id='word_1_33' title='bbox 2510 1317 2737 1392; x_wconf 85' lang='lat' dir='ltr'>quam</span> 
     </span>
     <span class='ocr_line' id='line_1_6' title="bbox 757 1413 2737 1519; baseline -0.004 -25"><span class='ocrx_word' id='word_1_34' title='bbox 757 1424 827 1494; x_wconf 74' lang='grc' dir='ltr'>ὅτ</span> <span class='ocrx_word' id='word_1_35' title='bbox 847 1417 1078 1519; x_wconf 89' lang='lat' dir='ltr'>priore</span> <span class='ocrx_word' id='word_1_36' title='bbox 1121 1437 1446 1516; x_wconf 89' lang='lat' dir='ltr'>praetura</span> <span class='ocrx_word' id='word_1_37' title='bbox 1462 1415 1905 1516; x_wconf 86' lang='lat' dir='ltr'>provinciam</span> <span class='ocrx_word' id='word_1_38' title='bbox 1931 1415 2379 1504; x_wconf 73' lang='lat' dir='ltr'>obtinuerat,</span> <span class='ocrx_word' id='word_1_39' title='bbox 2430 1413 2737 1515; x_wconf 78' lang='lat' dir='ltr'>QFul-</span> 
     </span>
     <span class='ocr_line' id='line_1_7' title="bbox 755 1534 2741 1636; baseline -0.002 -22"><span class='ocrx_word' id='word_1_40' title='bbox 755 1537 918 1614; x_wconf 84' lang='lat' dir='ltr'>vius</span> <span class='ocrx_word' id='word_1_41' title='bbox 947 1539 1247 1614; x_wconf 87' lang='lat' dir='ltr'>Flaccus</span> <span class='ocrx_word' id='word_1_42' title='bbox 1277 1537 1354 1611; x_wconf 87' lang='lat' dir='ltr'>iu</span> <span class='ocrx_word' id='word_1_43' title='bbox 1386 1534 1785 1613; x_wconf 85' lang='lat' dir='ltr'>citeriorem</span> <span class='ocrx_word' id='word_1_44' title='bbox 1816 1535 2161 1636; x_wconf 88' lang='lat' dir='ltr'>pervenit,</span> <span class='ocrx_word' id='word_1_45' title='bbox 2197 1534 2741 1635; x_wconf 85' lang='lat' dir='ltr'>exercitumque</span> 
     </span>
     <span class='ocr_line' id='line_1_8' title="bbox 753 1655 2739 1757; baseline -0.002 -23"><span class='ocrx_word' id='word_1_46' title='bbox 753 1685 800 1734; x_wconf 87' lang='lat' dir='ltr'>a</span> <span class='ocrx_word' id='word_1_47' title='bbox 829 1656 1173 1734; x_wconf 88' lang='lat' dir='ltr'>Terentio</span> <span class='ocrx_word' id='word_1_48' title='bbox 1217 1657 1514 1757; x_wconf 88' lang='lat' dir='ltr'>accepit.</span> <span class='ocrx_word' id='word_1_49' title='bbox 1614 1659 1810 1730; x_wconf 90' lang='lat' dir='ltr'>Nam</span> <span class='ocrx_word' id='word_1_50' title='bbox 1838 1655 2127 1732; x_wconf 82' lang='lat' dir='ltr'>ulterior</span> <span class='ocrx_word' id='word_1_51' title='bbox 2158 1677 2385 1732; x_wconf 89' lang='lat' dir='ltr'>morte</span> <span class='ocrx_word' id='word_1_52' title='bbox 2419 1659 2503 1731; x_wconf 87' lang='lat' dir='ltr'>P.</span> <span class='ocrx_word' id='word_1_53' title='bbox 2534 1657 2739 1731; x_wconf 81' lang='lat' dir='ltr'>Sem·</span> 
     </span>
     <span class='ocr_line' id='line_1_9' title="bbox 753 1772 2740 1878; baseline 0 -26"><span class='ocrx_word' id='word_1_54' title='bbox 753 1777 990 1878; x_wconf 89' lang='lat' dir='ltr'>pronii</span> <span class='ocrx_word' id='word_1_55' title='bbox 1022 1774 1461 1878; x_wconf 83' lang='lat' dir='ltr'>proconsulis</span> <span class='ocrx_word' id='word_1_56' title='bbox 1495 1780 1635 1850; x_wconf 87' lang='lat' dir='ltr'>fine</span> <span class='ocrx_word' id='word_1_57' title='bbox 1682 1775 1985 1873; x_wconf 91' lang='lat' dir='ltr'>imperio</span> <span class='ocrx_word' id='word_1_58' title='bbox 2036 1775 2287 1852; x_wconf 89' lang='lat' dir='ltr'>fuerat.</span> <span class='ocrx_word' id='word_1_59' title='bbox 2390 1772 2740 1852; x_wconf 85' lang='lat' dir='ltr'>Fulvium</span> 
     </span>
     <span class='ocr_line' id='line_1_10' title="bbox 757 1894 2739 1996; baseline -0.003 -21"><span class='ocrx_word' id='word_1_60' title='bbox 757 1900 1104 1974; x_wconf 77' lang='lat' dir='ltr'>Flaccum</span> <span class='ocrx_word' id='word_1_61' title='bbox 1163 1895 1516 1996; x_wconf 90' lang='lat' dir='ltr'>oppidum</span> <span class='ocrx_word' id='word_1_62' title='bbox 1572 1894 2011 1996; x_wconf 89' lang='lat' dir='ltr'>Hispanum,</span> <span class='ocrx_word' id='word_1_63' title='bbox 2062 1895 2469 1972; x_wconf 89' lang='lat' dir='ltr'>Urbicuam</span> <span class='ocrx_word' id='word_1_64' title='bbox 2504 1895 2739 1970; x_wconf 87' lang='lat' dir='ltr'>nomi-</span> 
     </span>
     <span class='ocr_line' id='line_1_11' title="bbox 759 2013 2739 2118; baseline -0.002 -24"><span class='ocrx_word' id='word_1_65' title='bbox 759 2045 878 2108; x_wconf 90' lang='lat' dir='ltr'>ne,</span> <span class='ocrx_word' id='word_1_66' title='bbox 930 2021 1468 2118; x_wconf 84' lang='lat' dir='ltr'>obpugnantem</span> <span class='ocrx_word' id='word_1_67' title='bbox 1495 2014 1833 2092; x_wconf 89' lang='lat' dir='ltr'>Celtiberi</span> <span class='ocrx_word' id='word_1_68' title='bbox 1864 2013 2091 2091; x_wconf 88' lang='lat' dir='ltr'>adorti</span> <span class='ocrx_word' id='word_1_69' title='bbox 2118 2013 2301 2092; x_wconf 87' lang='lat' dir='ltr'>sunt.</span> <span class='ocrx_word' id='word_1_70' title='bbox 2402 2017 2607 2091; x_wconf 88' lang='lat' dir='ltr'>Dura</span> <span class='ocrx_word' id='word_1_71' title='bbox 2632 2015 2739 2091; x_wconf 89' lang='lat' dir='ltr'>ibi</span> 
     </span>
     <span class='ocr_line' id='line_1_12' title="bbox 759 2133 2739 2237; baseline -0.002 -24"><span class='ocrx_word' id='word_1_72' title='bbox 759 2138 1026 2237; x_wconf 89' lang='lat' dir='ltr'>proelia</span> <span class='ocrx_word' id='word_1_73' title='bbox 1076 2136 1351 2234; x_wconf 81' lang='lat' dir='ltr'>aliquot</span> <span class='ocrx_word' id='word_1_74' title='bbox 1415 2133 1639 2209; x_wconf 65' lang='lat' dir='ltr'>fasta:</span> <span class='ocrx_word' id='word_1_75' title='bbox 1692 2135 1903 2210; x_wconf 89' lang='lat' dir='ltr'>multi</span> <span class='ocrx_word' id='word_1_76' title='bbox 1964 2135 2285 2211; x_wconf 89' lang='lat' dir='ltr'>Romani</span> <span class='ocrx_word' id='word_1_77' title='bbox 2343 2133 2607 2211; x_wconf 88' lang='lat' dir='ltr'>milites</span> <span class='ocrx_word' id='word_1_78' title='bbox 2664 2139 2739 2210; x_wconf 72' lang='grc' dir='ltr'>ὅτ</span> 
     </span>
     <span class='ocr_line' id='line_1_13' title="bbox 757 2253 2744 2353; baseline -0.002 -19"><span class='ocrx_word' id='word_1_79' title='bbox 757 2257 1133 2346; x_wconf 74' lang='lat' dir='ltr'>vulnerati,</span> <span class='ocrx_word' id='word_1_80' title='bbox 1187 2261 1254 2332; x_wconf 76' lang='grc' dir='ltr'>ὅτ</span> <span class='ocrx_word' id='word_1_81' title='bbox 1311 2253 1659 2330; x_wconf 70' lang='lat' dir='ltr'>interfecti</span> <span class='ocrx_word' id='word_1_82' title='bbox 1712 2255 1894 2331; x_wconf 90' lang='lat' dir='ltr'>sunt.</span> <span class='ocrx_word' id='word_1_83' title='bbox 1994 2255 2189 2331; x_wconf 71' lang='lat' dir='ltr'>vieti</span> <span class='ocrx_word' id='word_1_84' title='bbox 2232 2253 2744 2353; x_wconf 82' lang='lat' dir='ltr'>perseverantia</span> 
     </span>
     <span class='ocr_line' id='line_1_14' title="bbox 759 2373 2743 2477; baseline -0.003 -23"><span class='ocrx_word' id='word_1_85' title='bbox 759 2377 1030 2466; x_wconf 87' lang='lat' dir='ltr'>Fulvii,</span> <span class='ocrx_word' id='word_1_86' title='bbox 1075 2377 1280 2477; x_wconf 90' lang='lat' dir='ltr'>quod</span> <span class='ocrx_word' id='word_1_87' title='bbox 1307 2377 1504 2450; x_wconf 91' lang='lat' dir='ltr'>nulla</span> <span class='ocrx_word' id='word_1_88' title='bbox 1525 2373 1597 2448; x_wconf 89' lang='lat' dir='ltr'>vi</span> <span class='ocrx_word' id='word_1_89' title='bbox 1626 2375 1926 2451; x_wconf 87' lang='lat' dir='ltr'>abstrahi</span> <span class='ocrx_word' id='word_1_90' title='bbox 1958 2379 2051 2452; x_wconf 89' lang='lat' dir='ltr'>ab</span> <span class='ocrx_word' id='word_1_91' title='bbox 2084 2376 2448 2452; x_wconf 75' lang='lat' dir='ltr'>obsidione</span> <span class='ocrx_word' id='word_1_92' title='bbox 2476 2373 2743 2475; x_wconf 84' lang='lat' dir='ltr'>potuit,</span> 
     </span>
     <span class='ocr_line' id='line_1_15' title="bbox 759 2494 2739 2594; baseline -0.004 -18"><span class='ocrx_word' id='word_1_93' title='bbox 759 2496 1128 2585; x_wconf 91' lang='lat' dir='ltr'>Celtiberi,</span> <span class='ocrx_word' id='word_1_94' title='bbox 1180 2495 1324 2571; x_wconf 84' lang='lat' dir='ltr'>feffi</span> <span class='ocrx_word' id='word_1_95' title='bbox 1353 2495 1637 2594; x_wconf 88' lang='lat' dir='ltr'>proeliis</span> <span class='ocrx_word' id='word_1_96' title='bbox 1660 2494 1869 2571; x_wconf 85' lang='lat' dir='ltr'>variis</span> <span class='ocrx_word' id='word_1_97' title='bbox 1919 2495 2404 2572; x_wconf 86' lang='lat' dir='ltr'>abscefferunt.</span> <span class='ocrx_word' id='word_1_98' title='bbox 2506 2497 2739 2584; x_wconf 89' lang='lat' dir='ltr'>Urbs,</span> 
     </span>
     <span class='ocr_line' id='line_1_16' title="bbox 761 2613 2745 2715; baseline -0.002 -21"><span class='ocrx_word' id='word_1_99' title='bbox 761 2638 1004 2694; x_wconf 88' lang='lat' dir='ltr'>amoto</span> <span class='ocrx_word' id='word_1_100' title='bbox 1055 2613 1328 2691; x_wconf 83' lang='lat' dir='ltr'>auxilio</span> <span class='ocrx_word' id='word_1_101' title='bbox 1375 2641 1652 2704; x_wconf 89' lang='lat' dir='ltr'>eorum,</span> <span class='ocrx_word' id='word_1_102' title='bbox 1701 2613 1881 2691; x_wconf 86' lang='lat' dir='ltr'>intra</span> <span class='ocrx_word' id='word_1_103' title='bbox 1930 2641 2196 2714; x_wconf 85' lang='lat' dir='ltr'>paucos</span> <span class='ocrx_word' id='word_1_104' title='bbox 2240 2615 2393 2691; x_wconf 89' lang='lat' dir='ltr'>dies</span> <span class='ocrx_word' id='word_1_105' title='bbox 2428 2635 2637 2715; x_wconf 78' lang='lat' dir='ltr'>capta</span> <span class='ocrx_word' id='word_1_106' title='bbox 2668 2619 2745 2691; x_wconf 73' lang='grc' dir='ltr'>ὅτ</span> 
     </span>
     <span class='ocr_line' id='line_1_17' title="bbox 761 2733 2745 2836; baseline 0 -25"><span class='ocrx_word' id='word_1_107' title='bbox 761 2735 1038 2834; x_wconf 88' lang='lat' dir='ltr'>direpta</span> <span class='ocrx_word' id='word_1_108' title='bbox 1085 2733 1234 2808; x_wconf 84' lang='lat' dir='ltr'>est:</span> <span class='ocrx_word' id='word_1_109' title='bbox 1287 2735 1622 2832; x_wconf 86' lang='lat' dir='ltr'>praedam</span> <span class='ocrx_word' id='word_1_110' title='bbox 1676 2734 2025 2811; x_wconf 87' lang='lat' dir='ltr'>militibus</span> <span class='ocrx_word' id='word_1_111' title='bbox 2067 2757 2343 2836; x_wconf 88' lang='lat' dir='ltr'>praetor</span> <span class='ocrx_word' id='word_1_112' title='bbox 2385 2738 2745 2811; x_wconf 83' lang='lat' dir='ltr'>conceffit.</span> 
     </span>
     <span class='ocr_line' id='line_1_18' title="bbox 763 2853 2745 2952; baseline 0.001 -21"><span class='ocrx_word' id='word_1_113' title='bbox 763 2854 1092 2944; x_wconf 86' lang='lat' dir='ltr'>Fulvius,</span> <span class='ocrx_word' id='word_1_114' title='bbox 1141 2855 1282 2928; x_wconf 91' lang='lat' dir='ltr'>hoc</span> <span class='ocrx_word' id='word_1_115' title='bbox 1309 2853 1584 2952; x_wconf 90' lang='lat' dir='ltr'>oppido</span> <span class='ocrx_word' id='word_1_116' title='bbox 1616 2876 1851 2952; x_wconf 89' lang='lat' dir='ltr'>capto,</span> <span class='ocrx_word' id='word_1_117' title='bbox 1898 2858 1981 2929; x_wconf 88' lang='lat' dir='ltr'>P.</span> <span class='ocrx_word' id='word_1_118' title='bbox 2022 2856 2372 2946; x_wconf 88' lang='lat' dir='ltr'>Manlius,</span> <span class='ocrx_word' id='word_1_119' title='bbox 2421 2857 2745 2934; x_wconf 85' lang='lat' dir='ltr'>exercitu</span> 
     </span>
     <span class='ocr_line' id='line_1_19' title="bbox 765 2971 2743 3074; baseline 0 -21"><span class='ocrx_word' id='word_1_120' title='bbox 765 2995 1044 3054; x_wconf 87' lang='lat' dir='ltr'>tantum</span> <span class='ocrx_word' id='word_1_121' title='bbox 1103 2971 1180 3048; x_wconf 90' lang='lat' dir='ltr'>in</span> <span class='ocrx_word' id='word_1_122' title='bbox 1237 2997 1470 3048; x_wconf 89' lang='lat' dir='ltr'>unum</span> <span class='ocrx_word' id='word_1_123' title='bbox 1527 2977 1801 3064; x_wconf 71' lang='lat' dir='ltr'>coacto,</span> <span class='ocrx_word' id='word_1_124' title='bbox 1872 2973 2004 3074; x_wconf 92' lang='lat' dir='ltr'>qui</span> <span class='ocrx_word' id='word_1_125' title='bbox 2056 2973 2415 3074; x_wconf 90' lang='lat' dir='ltr'>diffipatus</span> <span class='ocrx_word' id='word_1_126' title='bbox 2482 2975 2743 3068; x_wconf 88' lang='lat' dir='ltr'>fuerat,</span> 
     </span>
     <span class='ocr_line' id='line_1_20' title="bbox 765 3092 2743 3192; baseline 0.001 -20"><span class='ocrx_word' id='word_1_127' title='bbox 765 3096 964 3172; x_wconf 88' lang='lat' dir='ltr'>nulla</span> <span class='ocrx_word' id='word_1_128' title='bbox 1005 3093 1140 3169; x_wconf 88' lang='lat' dir='ltr'>alia</span> <span class='ocrx_word' id='word_1_129' title='bbox 1169 3092 1615 3168; x_wconf 89' lang='lat' dir='ltr'>memorabili</span> <span class='ocrx_word' id='word_1_130' title='bbox 1648 3093 1839 3192; x_wconf 89' lang='lat' dir='ltr'>gesta</span> <span class='ocrx_word' id='word_1_131' title='bbox 1862 3120 1965 3182; x_wconf 90' lang='lat' dir='ltr'>re,</span> <span class='ocrx_word' id='word_1_132' title='bbox 2015 3094 2362 3171; x_wconf 84' lang='lat' dir='ltr'>exercitus</span> <span class='ocrx_word' id='word_1_133' title='bbox 2395 3098 2472 3172; x_wconf 93' lang='lat' dir='ltr'>in</span> <span class='ocrx_word' id='word_1_134' title='bbox 2506 3098 2743 3174; x_wconf 77' lang='lat' dir='ltr'>hiber-</span> 
     </span>
     <span class='ocr_line' id='line_1_21' title="bbox 765 3213 2741 3320; baseline 0.003 -30"><span class='ocrx_word' id='word_1_135' title='bbox 765 3241 860 3290; x_wconf 85' lang='lat' dir='ltr'>na</span> <span class='ocrx_word' id='word_1_136' title='bbox 887 3215 1363 3291; x_wconf 84' lang='lat' dir='ltr'>deduxerunt.</span> <span class='ocrx_word' id='word_1_137' title='bbox 1431 3215 1637 3289; x_wconf 92' lang='lat' dir='ltr'>Haec</span> <span class='ocrx_word' id='word_1_138' title='bbox 1672 3240 1755 3288; x_wconf 89' lang='lat' dir='ltr'>ea</span> <span class='ocrx_word' id='word_1_139' title='bbox 1778 3213 2027 3289; x_wconf 87' lang='lat' dir='ltr'>aestate</span> <span class='ocrx_word' id='word_1_140' title='bbox 2055 3214 2131 3289; x_wconf 92' lang='lat' dir='ltr'>in</span> <span class='ocrx_word' id='word_1_141' title='bbox 2158 3215 2509 3314; x_wconf 90' lang='lat' dir='ltr'>Hispania</span> <span class='ocrx_word' id='word_1_142' title='bbox 2527 3219 2741 3320; x_wconf 79' lang='lat' dir='ltr'>gesta.</span> 
     </span>
    </p>
   </div>
   <div class='ocr_carea' id='block_1_3' title="bbox 651 3333 2744 3435">
    <p class='ocr_par' dir='ltr' id='par_1_3' title="bbox 651 3333 2744 3435">
     <span class='ocr_line' id='line_1_22' title="bbox 651 3333 2744 3435; baseline 0.002 -26"><span class='ocrx_word' id='word_1_143' title='bbox 651 3339 658 3348; x_wconf 85' lang='lat'>&#39;</span> <span class='ocrx_word' id='word_1_144' title='bbox 765 3334 1174 3424; x_wconf 86' lang='lat' dir='ltr'>Terentius,</span> <span class='ocrx_word' id='word_1_145' title='bbox 1225 3333 1353 3435; x_wconf 90' lang='lat' dir='ltr'>qui</span> <span class='ocrx_word' id='word_1_146' title='bbox 1398 3359 1490 3409; x_wconf 83' lang='lat' dir='ltr'>ex</span> <span class='ocrx_word' id='word_1_147' title='bbox 1533 3358 1618 3408; x_wconf 91' lang='lat' dir='ltr'>ea</span> <span class='ocrx_word' id='word_1_148' title='bbox 1664 3333 2031 3432; x_wconf 87' lang='lat' dir='ltr'>provincia</span> <span class='ocrx_word' id='word_1_149' title='bbox 2072 3335 2473 3426; x_wconf 73' lang='lat' dir='ltr'>decesserat,</span> <span class='ocrx_word' id='word_1_150' title='bbox 2523 3364 2744 3414; x_wconf 82' lang='lat' dir='ltr'>ovans</span> 
     </span>
    </p>
   </div>
   <div class='ocr_carea' id='block_1_4' title="bbox 765 3453 2777 4276">
    <p class='ocr_par' dir='ltr' id='par_1_4' title="bbox 765 3453 2777 4276">
     <span class='ocr_line' id='line_1_23' title="bbox 765 3453 2745 3554; baseline 0.004 -27"><span class='ocrx_word' id='word_1_151' title='bbox 765 3457 1024 3529; x_wconf 89' lang='lat' dir='ltr'>urbem</span> <span class='ocrx_word' id='word_1_152' title='bbox 1075 3453 1260 3530; x_wconf 89' lang='lat' dir='ltr'>iniit.</span> <span class='ocrx_word' id='word_1_153' title='bbox 1361 3455 1840 3543; x_wconf 87' lang='lat' dir='ltr'>Transsatum,</span> <span class='ocrx_word' id='word_1_154' title='bbox 1890 3455 2161 3554; x_wconf 88' lang='lat' dir='ltr'>argenti</span> <span class='ocrx_word' id='word_1_155' title='bbox 2196 3458 2443 3554; x_wconf 87' lang='lat' dir='ltr'>pondo</span> <span class='ocrx_word' id='word_1_156' title='bbox 2480 3483 2745 3534; x_wconf 85' lang='lat' dir='ltr'>novem</span> 
     </span>
     <span class='ocr_line' id='line_1_24' title="bbox 769 3571 2743 3676; baseline 0.002 -28"><span class='ocrx_word' id='word_1_157' title='bbox 769 3571 996 3648; x_wconf 90' lang='lat' dir='ltr'>millia</span> <span class='ocrx_word' id='word_1_158' title='bbox 1041 3593 1349 3648; x_wconf 88' lang='lat' dir='ltr'>trecenta</span> <span class='ocrx_word' id='word_1_159' title='bbox 1399 3571 1701 3673; x_wconf 74' lang='lat' dir='ltr'>vigintit</span> <span class='ocrx_word' id='word_1_160' title='bbox 1752 3573 1905 3648; x_wconf 89' lang='lat' dir='ltr'>auri</span> <span class='ocrx_word' id='word_1_161' title='bbox 1944 3573 2306 3674; x_wconf 63' lang='lat' dir='ltr'>octoginta</span> <span class='ocrx_word' id='word_1_162' title='bbox 2338 3578 2613 3676; x_wconf 90' lang='lat' dir='ltr'>pondo,</span> <span class='ocrx_word' id='word_1_163' title='bbox 2662 3579 2743 3652; x_wconf 78' lang='grc' dir='ltr'>δε</span> 
     </span>
     <span class='ocr_line' id='line_1_25' title="bbox 771 3692 2550 3795; baseline 0.003 -28"><span class='ocrx_word' id='word_1_164' title='bbox 771 3694 956 3768; x_wconf 87' lang='lat' dir='ltr'>duae</span> <span class='ocrx_word' id='word_1_165' title='bbox 989 3718 1288 3770; x_wconf 89' lang='lat' dir='ltr'>coronae</span> <span class='ocrx_word' id='word_1_166' title='bbox 1320 3719 1568 3769; x_wconf 89' lang='lat' dir='ltr'>aureae</span> <span class='ocrx_word' id='word_1_167' title='bbox 1600 3695 1847 3792; x_wconf 91' lang='lat' dir='ltr'>pondo</span> <span class='ocrx_word' id='word_1_168' title='bbox 1879 3692 2237 3794; x_wconf 83' lang='lat' dir='ltr'>sexaginta</span> <span class='ocrx_word' id='word_1_169' title='bbox 2258 3694 2550 3795; x_wconf 90' lang='lat' dir='ltr'>septem.</span> 
     </span>
     <span class='ocr_line' id='line_1_26' title="bbox 871 3812 2749 3914; baseline 0.002 -26"><span class='ocrx_word' id='word_1_170' title='bbox 871 3815 1112 3888; x_wconf 88' lang='lat' dir='ltr'><strong>XVII.</strong></span> <span class='ocrx_word' id='word_1_171' title='bbox 1215 3815 1498 3889; x_wconf 89' lang='lat' dir='ltr'>Eodem</span> <span class='ocrx_word' id='word_1_172' title='bbox 1556 3840 1745 3888; x_wconf 90' lang='lat' dir='ltr'>anno</span> <span class='ocrx_word' id='word_1_173' title='bbox 1808 3812 1992 3889; x_wconf 89' lang='lat' dir='ltr'>inter</span> <span class='ocrx_word' id='word_1_174' title='bbox 2041 3817 2396 3914; x_wconf 90' lang='lat' dir='ltr'>populum</span> <span class='ocrx_word' id='word_1_175' title='bbox 2448 3818 2749 3891; x_wconf 87' lang='lat' dir='ltr'>Kartha-</span> 
     </span>
     <span class='ocr_line' id='line_1_27' title="bbox 773 3931 2746 4035; baseline 0.001 -26"><span class='ocrx_word' id='word_1_176' title='bbox 773 3931 1164 4034; x_wconf 85' lang='lat' dir='ltr'>giniensem</span> <span class='ocrx_word' id='word_1_177' title='bbox 1223 3939 1292 4010; x_wconf 86' lang='lat'>&amp;</span> <span class='ocrx_word' id='word_1_178' title='bbox 1345 3960 1587 4034; x_wconf 88' lang='lat' dir='ltr'>regem</span> <span class='ocrx_word' id='word_1_179' title='bbox 1640 3931 2078 4010; x_wconf 80' lang='lat' dir='ltr'>Mafinifl‘am</span> <span class='ocrx_word' id='word_1_180' title='bbox 2138 3935 2215 4008; x_wconf 90' lang='lat' dir='ltr'>in</span> <span class='ocrx_word' id='word_1_181' title='bbox 2271 3961 2345 4010; x_wconf 89' lang='lat' dir='ltr'>re</span> <span class='ocrx_word' id='word_1_182' title='bbox 2403 3934 2746 4035; x_wconf 87' lang='lat' dir='ltr'>praesenti</span> 
     </span>
     <span class='ocr_line' id='line_1_28' title="bbox 776 4051 2777 4154; baseline 0 -24"><span class='ocrx_word' id='word_1_183' title='bbox 776 4051 1270 4154; x_wconf 89' lang='lat' dir='ltr'>disceptatores</span> <span class='ocrx_word' id='word_1_184' title='bbox 1326 4053 1646 4130; x_wconf 89' lang='lat' dir='ltr'>Romani</span> <span class='ocrx_word' id='word_1_185' title='bbox 1698 4055 1790 4128; x_wconf 90' lang='lat' dir='ltr'>de</span> <span class='ocrx_word' id='word_1_186' title='bbox 1830 4080 1999 4154; x_wconf 86' lang='lat' dir='ltr'>agro</span> <span class='ocrx_word' id='word_1_187' title='bbox 2032 4053 2345 4130; x_wconf 90' lang='lat' dir='ltr'>fuerunt.</span> <span class='ocrx_word' id='word_1_188' title='bbox 2444 4057 2777 4153; x_wconf 73' lang='lat' dir='ltr'>Ceperat·</span> 
     </span>
     <span class='ocr_line' id='line_1_29' title="bbox 775 4171 2743 4276; baseline 0 -26"><span class='ocrx_word' id='word_1_189' title='bbox 775 4197 946 4250; x_wconf 87' lang='lat' dir='ltr'>eum</span> <span class='ocrx_word' id='word_1_190' title='bbox 972 4177 1064 4251; x_wconf 91' lang='lat' dir='ltr'>ab</span> <span class='ocrx_word' id='word_1_191' title='bbox 1089 4171 1812 4276; x_wconf 71' lang='lat' dir='ltr'>Karthaginiensibus,</span> <span class='ocrx_word' id='word_1_192' title='bbox 1848 4194 2041 4274; x_wconf 90' lang='lat' dir='ltr'>pater</span> <span class='ocrx_word' id='word_1_193' title='bbox 2068 4172 2491 4266; x_wconf 81' lang='lat' dir='ltr'>Mafiniffae,</span> <span class='ocrx_word' id='word_1_194' title='bbox 2526 4177 2743 4252; x_wconf 80' lang='lat' dir='ltr'>Gala:</span> 
     </span>
    </p>
   </div>
   <div class='ocr_carea' id='block_1_5' title="bbox 3070 4609 3085 5315">
    <p class='ocr_par' dir='ltr' id='par_1_5' title="bbox 3070 4609 3085 5315">
     <span class='ocr_line' id='line_1_30' title="bbox 3070 4609 3085 5315; baseline 0 0"><span class='ocrx_word' id='word_1_195' title='bbox 3070 4609 3085 5315; x_wconf 95' lang='lat' dir='ltr'> </span> 
     </span>
    </p>
   </div>
  </div>
 </body>
</html>
