3100 5359
767 677 901 774 196
1404 675 2037 748 T.L1v11

762 869 949 938 ortu,
1003 851 1072 924 &
1126 851 1216 924 ab
1255 847 1512 924 aestivo
1558 849 1831 924 occasu.
1932 851 2142 926 Haec
2176 851 2725 950 contemplatu5‚

763 997 850 1044 eo
903 969 1021 1044 die
1063 968 1191 1045 sub
1238 968 1398 1067 ipsis
1433 968 1791 1045 radicibus
1826 968 2057 1068 posuit
2098 969 2331 1046 castra.
2433 971 2727 1045 Postero

763 1089 907 1179 die,
968 1088 1304 1165 sacrificio
1345 1087 1556 1178 faceto,
1617 1115 1847 1188 quum
1888 1088 2133 1188 primis
2168 1088 2411 1164 hostiis
2450 1089 2728 1178 litafi‘et,

767 1209 1102 1284 trifariam
1162 1209 1557 1285 exercitum
1610 1209 1919 1285 divisum
1980 1212 2242 1284 ducere
2308 1211 2401 1284 ad
2450 1209 2729 1284 hostem

763 1329 1012 1429 pergit.
1121 1329 1272 1427 Ipse
1326 1355 1497 1404 cum
1551 1329 1865 1404 maxima
1906 1349 2095 1427 parte
2133 1327 2529 1427 copiarum,
2582 1353 2736 1428 qua

762 1449 1255 1548 aequiffimum
1309 1449 1587 1524 aditum
1634 1452 2011 1546 praebebat
2062 1475 2293 1539 monS,
2340 1448 2733 1525 adscendit.

764 1571 859 1645 L.
888 1568 1253 1644 Manlium
1297 1567 1575 1644 fratrem
1612 1573 1701 1645 ab
1738 1569 2033 1645 hiberno
2066 1589 2253 1658 ortu,
2289 1572 2529 1668 quoad
2564 1570 2753 1666 loca,

762 1687 1140 1788 patiantur,
1171 1693 1236 1761 &
1269 1709 1425 1763 tuto
1453 1692 1678 1787 poffit,
1716 1687 1942 1765 subire
1956 1689 2188 1786 jubet.
2268 1690 2338 1764 Si
2375 1716 2519 1788 qua
2541 1690 2731 1790 peri-

765 1808 1001 1885 culosa
1053 1811 1120 1880 &
1167 1830 1536 1906 praerupta
1582 1812 1989 1898 obcurrant,
2026 1836 2171 1884 non
2203 1835 2519 1909 pugnare
2553 1835 2731 1884 cum

764 1926 1137 2025 iniquitate
1183 1928 1531 2016 locorum,
1595 1954 1827 2026 neque
1864 1929 2541 2028 inexsuperabilibus
2572 1929 2729 2004 vim

761 2047 1076 2137 adferre3
1133 2047 1248 2121 sed
1283 2046 1583 2145 obliquo
1604 2070 1845 2122 monte
1876 2050 1967 2124 ad
2001 2049 2067 2124 se
2093 2049 2472 2137 declinare,
2510 2053 2577 2123 δι
2598 2049 2729 2124 suo

761 2167 1034 2267 agmini
1081 2166 1443 2265 conjungi.
1547 2170 1633 2242 C.
1675 2169 2029 2243 Helvium
2084 2194 2251 2244 cum
2286 2169 2488 2246 tertia
2531 2191 2727 2267 parte

763 2287 1136 2363 circumire
1199 2288 1438 2361 senfim
1489 2311 1615 2384 per
1661 2287 1907 2362 infima
1960 2289 2251 2378 montis,
2318 2288 2579 2364 deinde
2632 2294 2727 2364 ab

759 2406 1020 2504 aestivo
1070 2407 1317 2482 occasu
1375 2404 1637 2505 erigere
1681 2432 1959 2504 agmen.
2062 2411 2157 2482 Et
2200 2408 2729 2490 Attali-auxilia

760 2526 1096 2601 trifariam
1141 2551 1370 2624 aequo
1402 2551 1701 2599 numero
1734 2525 2004 2600 divifit:
2057 2527 2295 2603 secum
2328 2531 2462 2603 effe
2494 2527 2725 2626 ipsum

747 2647 1090 2744 juvenem
1143 2647 1357 2739 juffit.
1493 2645 1921 2742 Equitatum
1983 2671 2151 2720 cum
2212 2647 2600 2746 elephantis
2648 2647 2727 2722 in

757 2764 1085 2866 proxima
1103 2763 1400 2838 tumulis
1431 2763 1723 2864 planitie
1758 2764 2067 2864 reliquit.
2153 2767 2497 2842 Edidlzum
2528 2795 2728 2866 prae·

759 2883 987 2971 fectis,
1045 2903 1128 2957 ut
1171 2882 1452 2972 intenti,
1509 2884 1691 2983 quid
1730 2885 2006 2983 ubique
2053 2908 2354 2986 geratur,
2405 2887 2725 2962 animad-

756 3024 1074 3092 vertant3
1131 3029 1487 3102 opemque
1522 3003 1725 3094 ferre,
1777 3031 1927 3103 quo
1971 3007 2327 3105 postulent
2374 3033 2505 3096 res,
2557 3032 2723 3104 pro-

757 3141 1027 3224 perent.
1077 3151 1083 3158 ·

859 3245 1068 3318 XXI.
1170 3243 1386 3332 Galli,
1421 3244 1706 3319 duobus
1735 3245 2064 3321 lateribus
2096 3245 2253 3322 satis
2286 3249 2582 3346 fidentea
2616 3245 2721 3320 in-

759 3365 878 3438 via
918 3365 1078 3451 effe,
1124 3364 1216 3437 ab
1248 3388 1330 3444 ea
1353 3385 1575 3460 parte,
1606 3390 1793 3462 quae
1839 3365 1915 3439 in
1948 3367 2323 3444 meridiem
2380 3388 2721 3466 vergeret,

759 3502 846 3556 ut
891 3481 1101 3556 armis
1151 3484 1560 3557 clauderent
1609 3483 1827 3574 viam,
1884 3509 2188 3585 quatuor
2240 3487 2463 3563 ferme
2502 3487 2729 3564 millia

761 3620 1188 3675 armatorum
1221 3603 1313 3675 ad
1347 3605 1738 3693 tumulum,
1798 3604 2269 3682 inminentem
2300 3607 2454 3682 viae
2482 3607 2725 3682 minus

760 3719 958 3795 mille
984 3723 1306 3818 paffuum
1340 3747 1380 3796 a
1406 3721 1663 3813 castris,
1694 3728 2201 3822 occupandum
2233 3727 2579 3815 mittunt3
2636 3754 2725 3804 eo

761 3838 828 3914 se
876 3839 1006 3914 rati
1063 3843 1258 3915 velut
1303 3839 1581 3915 castello
1623 3841 1751 3916 iter
1779 3842 2239 3942 inpedituros.
2338 3849 2565 3950 Qod
2592 3846 2725 3924 ubi

761 3959 1076 4034 Romani
1133 3959 1493 4056 viderunt,
1572 3961 1967 4061 expediunt
2028 3963 2160 4040 sese
2218 3968 2311 4042 ad
2376 3993 2723 4068 pugnam.

761 4085 956 4157 Ante
1005 4083 1196 4182 figna
1245 4080 1539 4158 modico
1577 4081 1943 4160 intervallo
1989 4084 2233 4162 velites
2283 4107 2484 4178 eunt,
2524 4090 2601 4162 &
2629 4093 2725 4166 ab
