3100 5359
755 726 899 803 292
1392 702 2003 778 T.L1v11

752 872 1212 951 multifariam
1247 871 1384 949 orti
1417 874 1739 950 aduffifi‘e
1774 871 2261 974 complurium
2286 872 2427 948 levi
2459 875 2723 951 adflatu

754 996 1170 1073 vestimenta
1196 994 1506 1071 maxime
1533 995 1980 1072 dicebantur.
2082 993 2363 1069 Addita
2394 996 2463 1071 ὰ
2492 1022 2727 1075 unum

759 1116 955 1192 diem
1003 1114 1421 1215 supplicatio
1455 1116 1557 1192 est
1586 1142 1678 1191 ex
1710 1118 1998 1193 decreto
2030 1114 2489 1214 pontificum,
2524 1118 2729 1217 quod

759 1238 968 1311 aedes
987 1234 1169 1335 Opis
1198 1235 1275 1310 in
1308 1236 1668 1335 Capitolio
1702 1236 1793 1311 de
1828 1238 2031 1311 coelo
2062 1238 2247 1311 mera
2269 1256 2437 1312 erat.
2534 1236 2731 1313 Hos-

759 1357 878 1432 tiis
941 1355 1321 1453 majoribus
1387 1355 1707 1432 consules
1768 1376 2259 1455 procurarunt,
2324 1360 2731 1457 urbemque

759 1477 1248 1553 lustraverunt.
1349 1477 1500 1551 Sub
1555 1476 1753 1551 idem
1802 1498 2086 1575 tempus
2130 1480 2203 1550 ὰ
2268 1502 2362 1551 ex
2420 1477 2734 1554 Umbria

763 1597 1185 1673 nunciatum
1211 1596 1336 1684 est,
1373 1594 1813 1671 semimarem
1840 1596 2231 1672 duodecim
2258 1592 2479 1672 ferme
2506 1612 2735 1695 annos·

763 1739 1014 1793 natum
1080 1716 1476 1791 inventum.
1597 1717 1684 1791 Id
1734 1716 2150 1817 prodigium
2214 1716 2727 1806 abominantes,

761 1838 983 1914 arceri
1037 1840 1374 1913 Romano
1419 1864 1589 1937 agro
1618 1837 1993 1935 necarique
2028 1838 2567 1937 quamprimum
2586 1836 2727 1934 jus-

764 1958 1023 2033 serunt.
1127 1958 1410 2031 Eodem
1475 1983 1665 2031 anno
1726 1957 1919 2032 Galli
1977 1956 2453 2057 Transalpini,
2522 1956 2729 2033 trans—

763 2081 963 2178 greffi
999 2077 1075 2151 in
1097 2078 1470 2153 Venetiam
1493 2081 1631 2151 fine
1657 2077 2119 2176 populatione
2144 2099 2268 2151 aut
2292 2080 2511 2167 bello,
2538 2078 2729 2151 haud

763 2200 1016 2296 procul
1051 2197 1246 2288 inde,
1275 2196 1404 2273 ubi
1431 2215 1629 2271 nunc
1657 2198 1991 2296 Aquileja
2022 2198 2147 2287 est,
2181 2201 2425 2274 locum
2460 2197 2731 2296 oppido

764 2320 1148 2394 condendo
1192 2339 1557 2415 ceperunt.
1658 2317 1951 2416 Legatis
1984 2314 2363 2408 Romanis,
2420 2320 2514 2393 de
2546 2341 2633 2393 ea
2662 2336 2735 2391 re

763 2459 952 2513 trans
979 2440 1200 2535 Alpes
1229 2437 1469 2526 misfis,
1492 2435 1897 2535 responsum
1924 2438 2051 2527 est,
2075 2448 2127 2483 ‘⁶
2164 2442 2429 2537 Neque
2462 2436 2735 2536 prosev-

767 2567 818 2605 “
857 2580 964 2634 tos
997 2584 1087 2633 ex
1113 2557 1524 2633 auctoritate
1551 2559 1781 2657 gentis
1820 2582 1963 2647 εοε,
2002 2582 2159 2648 nec,
2209 2558 2395 2659 quid
2428 2559 2505 2633 in
2538 2557 2739 2633 Italia

764 2690 817 2724 “
853 2678 1188 2765 facerent,
1223 2677 1290 2751 se
1321 2676 1561 2752 scire.''
1660 2681 1753 2752 L.
1780 2678 2019 2778 Scipio
2040 2681 2247 2754 ludos
2266 2706 2356 2755 eo
2391 2701 2735 2779 tempore,

768 2824 952 2897 quos
1011 2798 1202 2873 bello
1254 2797 1603 2873 Antiochi
1644 2796 1907 2873 vovisse
1940 2799 2075 2873 sese
2105 2800 2413 2888 dicebat,
2442 2824 2534 2875 ex
2566 2826 2737 2875 con-

765 2921 906 2993 lata
955 2918 1048 2991 ad
1101 2917 1179 2992 id
1230 2917 1536 3016 pecunia
1586 2921 1677 2993 ab
1716 2916 2004 3016 regibus
2032 2919 2581 3017 civitatibusque
2614 2944 2743 3019 per

767 3038 922 3115 dies
967 3039 1220 3113 decem
1274 3036 1466 3112 fecit.
1566 3040 1933 3137 Legatum
1958 3062 2127 3113 eum
2154 3040 2311 3139 post
2344 3040 2738 3115 damnatio·

767 3162 1017 3235 nem&
1042 3160 1231 3233 bona
1247 3157 1538 3233 vendita
1556 3157 1841 3232 missum
1856 3158 1932 3232 in
1954 3162 2215 3248 Afiam,
2230 3160 2323 3235 ad
2342 3156 2747 3235 dirimendo

767 3278 952 3355 inter
998 3276 1449 3354 Antiochum
1504 3282 1575 3352 ὅτ
1623 3280 2037 3353 Eumenem
2082 3302 2279 3379 rQes
2328 3280 2743 3370 certamina,

766 3399 1095 3475 Valerius
1151 3398 1405 3473 Antias
1435 3396 1540 3473 est
1570 3400 1838 3473 auctor.
1940 3400 2141 3472 Tum
2162 3400 2480 3474 ‘conlatas
2513 3399 2583 3475 ei
2616 3424 2741 3498 pe*

765 3519 1040 3608 eunias,
1115 3517 1717 3618 congregatosque
1766 3542 1894 3617 per
1950 3518 2189 3594 A'fiam
2236 3518 2581 3595 artifices:
2636 3523 2745 3609 ac,

766 3664 1080 3739 quorum
1126 3640 1465 3713 ludorum
1502 3638 1660 3736 post
1690 3640 1991 3727 bellum,
2028 3638 2103 3712 in
2130 3662 2279 3738 quo
2310 3662 2515 3715 votos
2536 3640 2741 3715 dice-

764 3757 1374 3846 ret,·mentionem
1401 3782 1548 3832 non
1586 3754 1853 3833 feciffet
1876 3760 1969 3833 de
2001 3757 2089 3833 iis
2122 3760 2279 3857 post
2310 3760 2740 3859 legationem

765 3881 1066 3955 demum
1103 3879 1178 3953 in
1223 3878 1462 3954 senatu
1497 3880 1762 3954 actum.

865 3998 1148 4075 XXIII.
1246 4003 1506 4099 Qum
1545 3999 1700 4095 jam
1746 3998 1823 4072 in
1874 3998 2073 4073 exitu
2120 4024 2347 4075 annus
2396 4004 2592 4091 esset,
2632 4008 2746 4106 Q

765 4118 1092 4197 Marcius
1110 4117 1354 4197 absens
1378 4117 1786 4221 magistratu
1810 4119 2130 4197 abiturus
2146 4141 2315 4198 erat.
2348 4123 2469 4222 Sp.
2488 4114 2739 4199 Postu-
