3100 5359
967 732 1124 810 L‘r
1182 760 1224 810 B
1281 761 1326 810 E
1383 761 1432 811 R
1533 733 1706 812 XL..
2202 763 2343 838 373

372 917 424 953 ‘⁸
465 907 626 1008 Ego
653 905 918 996 enirn,
949 911 1033 984 ut
1071 909 1192 984 'me
1223 909 1402 984 mihi
1438 909 1719 1010 tibique
1752 905 1999 999 serves,
2050 935 2339 1010 precort

373 1041 426 1073 ‘⁶
463 1029 606 1116 ille,
657 1049 742 1102 ut
773 1054 889 1102 me
925 1027 1007 1102 in'
1036 1027 1478 1106 securitatem
1510 1031 1705 1107 suam
1740 1031 2051 1120 occidas,
2103 1033 2347 1130 postu-

370 1157 424 1194 “
459 1151 578 1224 lat.
676 1147 884 1250 Qid
935 1175 1131 1238 eum,
1186 1175 1418 1250 quum
1470 1176 1777 1250 regnum
1823 1150 1890 1225 ei
1946 1151 2344 1240 tradideriS,

369 1279 422 1312 “
459 1268 816 1346 facturum
842 1268 1070 1345 credis
1091 1269 1166 1344 in
1187 1297 1306 1344 me
1325 1273 1488 1360 effe,
1521 1270 1649 1370 qui
1664 1271 1814 1367 jam
1845 1297 2039 1346 nunc
2066 1271 2349 1371 sangui-

373 1395 430 1432 “
461 1415 552 1463 ne
581 1417 750 1466 meo
776 1391 905 1466 fibi
929 1390 1287 1492 indulgeri
1321 1416 1635 1491 aequum
1668 1389 1899 1466 censet
1918 1393 1992 1464 ?’'

387 1541 400 1554 ·
470 1511 675 1585 XVI.
775 1509 1070 1586 Dicenti
1102 1515 1274 1586 haec
1306 1511 1635 1587 lacrimae
1682 1513 1885 1585 fimul
1914 1509 2239 1608 spiritum
2277 1513 2349 1586 ὅτ

368 1651 626 1705 vocem
677 1629 1240 1708 intercluserunt.
1357 1629 1765 1729 Philippus,
1835 1631 2180 1706 submotis
2232 1631 2349 1720 iis,

369 1747 745 1849 paullisper
790 1753 1214 1826 conlocutus
1262 1751 1433 1826 cum
1467 1749 1745 1841 amicis,
1797 1749 2297 1850 pronunciavit
2325 1781 2347 1826 .·.

375 1873 434 1914 ‘⁸‘
459 1873 634 1944 Non
683 1869 918 1947 verbis
970 1870 1062 1961 se,
1111 1897 1250 1946 nec
1292 1870 1510 1947 unius
1554 1871 1766 1946 horae
1810 1870 2347 1969 disceptatione,

372 1997 423 2034 “
462 1993 763 2066 caussam
816 2017 1066 2066 eorum
1111 1991 1701 2090 dijudicaturum,
1752 1990 1873 2065 sed
1917 1990 2350 2089 inquirendo

373 2119 430 2154 “
462 2110 540 2184 in
565 2108 934 2210 utriusque
960 2110 1207 2200 vitam,
1257 2137 1536 2198 mores;
1590 2111 1666 2183 δι
1700 2110 1889 2187 dieta
1912 2109 2237 2210 factaque
2270 2109 2351 2186 in

375 2230 742 2332 “magnis
775 2229 1145 2330 parvisque
1181 2233 1395 2306 rebus
1423 2229 1860 2306 observando
1884 2234 1949 2306 :’'
1998 2235 2082 2306 ut
2114 2230 2349 2306 omni·

375 2353 510 2432 bus
560 2351 949 2450 adpareret,
1002 2351 1232 2426 noctis
1283 2350 1651 2448 proximae
1685 2350 1955 2425 crimen
1998 2349 2204 2426 facile
2236 2377 2350 2426 re-

373 2470 696 2559 victum3
749 2469 1138 2570 suspectam
1156 2469 1458 2545 nimiam
1489 2495 1661 2545 cum
1697 2470 2049 2545 Romanis
2084 2473 2351 2546 Deme-

377 2589 498 2664 trii
563 2589 860 2692 gratiam
927 2591 1086 2666 effe.
1214 2591 1438 2665 Haec·
1486 2589 1656 2664 vivo
1721 2589 2085 2691 Philippo,
2154 2592 2355 2666 velut

374 2709 639 2785 semina
659 2713 848 2808 jacta
877 2711 1041 2786 sunt
1066 2709 1534 2786 Macedonici
1568 2711 1764 2799 belli,
1810 2712 2012 2810 quod
2039 2710 2353 2790 maxime

378 2837 550 2910 curn
609 2830 860 2907 Perseo
911 2833 1304 2932 gerendum
1351 2851 1519 2905 erat.
1620 2829 1963 2904 Consules
2007 2835 2225 2906 ambo
2272 2830 2352 2906 in

377 2951 714 3050 Ligures,
764 2977 948 3050 quae
983 2973 1140 3024 tum
1174 2977 1320 3024 una
1353 2949 1735 3025 consularis
1768 2948 2133 3048 provincia
2180 2971 2349 3039 erat,

376 3070 936 3170 proficiscuntur.
1035 3073 1160 3158 Et,
1188 3069 1358 3170 quia
1375 3069 1699 3170 prospere
1721 3069 1821 3144 ibi
1846 3097 1948 3144 res
1974 3072 2351 3168 gesserunt,

377 3189 798 3290 supplicatio
852 3190 926 3265 in
955 3216 1186 3264 unum
1220 3190 1416 3264 diem
1451 3191 1733 3265 decreta
1765 3190 1886 3264 est.
1986 3188 2353 3289 Ligurum

378 3311 530 3384 duo
591 3309 814 3386 millia
874 3309 1013 3385 fere
1060 3311 1154 3384 ad
1217 3332 1621 3386 extremum
1672 3313 1890 3384 finem
1951 3308 2355 3409 provinciae

382 3429 690 3517 Galliae,
733 3429 865 3505 ubi
919 3429 1134 3504 castra
1177 3431 1569 3506 Marcellus
1602 3432 1931 3519 habebat,
1980 3450 2357 3519 venerunt,

379 3549 488 3624 uti
555 3548 1055 3648 reciperentur,
1133 3572 1430 3624 orantes·
1549 3551 1963 3640 Marcellus,
2046 3551 2355 3650 opperiri

380 3671 662 3746 eodem'
693 3672 856 3743 loco
905 3667 1303 3768 Liguribus
1343 3670 1561 3766 juflis,
1610 3668 1923 3744 senatum
1968 3695 2096 3768 per
2126 3671 2357 3746 literas

379 3787 760 3864 consuluit.
859 3793 1155 3862 Senatus
1181 3788 1544 3864 rescribere
1574 3791 1689 3864 M.
1726 3791 2131 3888 Ogulnium
2159 3818 2355 3888 prae-

379 3931 608 3984 torem
669 3909 1016 3982 Marcello
1058 3909 1291 4003 juffit:
1349 3919 1398 3952 “
1439 3909 1695 3982 Verius
1727 3909 1957 3997 fuiffe,
2008 3911 2355 4000 consules,

379 4038 433 4074 “
471 4053 786 4127 quorum
813 4028 1178 4126 provincia
1204 4031 1394 4117 efl'et,
1431 4055 1649 4128 quam
1684 4028 1777 4119 se,
1815 4030 2003 4128 quid
2026 4057 2065 4105 e
2097 4035 2359 4130 repub·

382 4157 436 4222 ‘.‘
469 4147 608 4223 lica
635 4150 826 4238 estet,
878 4149 1292 4224 decernere:
1347 4171 1506 4224 tum
1541 4173 1837 4248 quoque
1864 4175 2013 4224 non
2052 4150 2355 4248 placere,
