3100 5359
840 755 916 830 L
974 781 1002 828 1
1065 781 1107 828 B
1145 779 1206 828 .1·:
1257 779 1304 827 R
1409 754 1839 829 XXXVIII.
2190 777 2329 853 213

349 930 646 1007 Exsules
687 933 982 1030 quoque
1016 930 1761 1006 Lacedaemoniorum
1791 929 1987 1004 suam
2023 931 2329 1005 cauffam

343 1052 920 1153 legationemque
963 1051 1270 1127 Achaeis
1317 1052 1806 1148 injunxerunt,
1911 1050 2341 1147 Diophanes-

345 1178 416 1248 &
459 1177 830 1273 Lycortas,
877 1173 1476 1272 Megalopolitani
1524 1176 1767 1261 ambo,
1822 1171 2177 1270 principes
2227 1173 2330 1246 le·

345 1295 654 1394 gationis
687 1296 1148 1370 Achaeorum
1181 1292 1494 1368 fuerunt.
1595 1293 1775 1395 Qi,
1812 1291 2213 1370 diffidentes
2247 1290 2325 1365 in

347 1413 743 1514 republica,
808 1411 965 1489 tum
998 1441 1292 1514 quoque
1323 1414 1624 1490 minime
1661 1414 1843 1489 inter
1874 1412 1941 1488 se
1987 1413 2326 1489 conveni-

347 1556 543 1611 entes
595 1535 946 1610 orationes
999 1537 1424 1610 habuerunt.
1547 1534 1967 1634 Diophanes
2053 1533 2327 1608 senatui

341 1653 930 1755 disceptationem
989 1655 1321 1730 omnium
1381 1683 1617 1730 rerum
1655 1656 2149 1755 permittebat:
2204 1682 2325 1731 eos

342 1775 621 1874 optime
673 1779 1166 1850 controversias
1213 1775 1394 1850 inter
1450 1779 1776 1852 Achaeos
1829 1803 1909 1851 ac
1961 1779 2324 1851 Lacedae-

343 1896 630 1977 monios
697 1896 1022 1970 finituros
1077 1898 1233 1971 effe.
1368 1900 1715 1996 Lycortas
1782 1925 1872 1971 ex
1933 1897 2323 1995 praeceptis

340 2014 929 2115 Philopoemenis
963 2017 1387 2114 postulabat,
1437 2038 1524 2091 ut
1570 2018 1879 2092 Achaeis
1915 2043 2003 2091 ex
2037 2016 2324 2092 foedere

341 2165 430 2214 ac
488 2137 770 2236 legibus
823 2136 987 2226 suis,
1055 2163 1240 2236 quae
1297 2139 1708 2227 decressent,
1764 2165 1968 2238 agere
2036 2139 2320 2212 licerett

339 2259 889 2356 libertatemque
943 2257 1070 2332 fibi
1117 2257 1514 2346 inlibatam,
1567 2261 1767 2356 cujus
1822 2259 1947 2358 ipfi
2004 2259 2323 2332 auctores

338 2383 588 2468 effent,
672 2379 1112 2479 praestarent.
1238 2381 1557 2478 Magnae
1626 2378 2058 2454 auctoritatis
2124 2380 2323 2475 apud

339 2505 718 2577 Romanos
771 2521 930 2574 tum
986 2526 1158 2599 gens
1211 2501 1664 2574 Achaeorum
1701 2496 2183 2586 eratinovari
2220 2520 2320 2572 ta-

337 2651 511 2698 men
558 2619 740 2695 nihil
775 2621 864 2694 de
896 2619 1489 2695 Lacedaemoniis
1525 2623 1869 2718 placebat.
1972 2621 2321 2694 Ceterum

339 2741 751 2842 responsum
805 2739 900 2815 ita
953 2743 1374 2840 perplexum
1423 2739 1588 2828 fuit,
1640 2763 1723 2814 ut
1766 2745 1833 2815 &
1881 2739 2154 2814 Achaei
2190 2737 2321 2816 fibi

337 2866 432 2939 de
455 2863 1000 2937 Lacedaemone
1038 2859 1452 2959 permissum
1485 2861 1933 2959 acciperent3
1988 2865 2055 2936 &
2084 2864 2321 2936 Lace-

338 2979 706 3059 daemonii
741 3008 890 3054 non
925 2980 1170 3055 omnia
1199 2983 1518 3056 concess'a
1551 2981 1636 3056 iis
1672 2981 2319 3078 interpretarentur.

334 3107 509 3182 Hac
573 3103 910 3202 potestate
966 3101 1330 3178 inmodice
1377 3101 1654 3177 Achaei
1709 3129 1788 3178 ac
1856 3102 2155 3200 superbe
2217 3105 2317 3177 ufi

337 3226 526 3302 sunt.

433 3345 798 3421 XXXIII.
896 3342 1440 3442 Philopoemeni
1470 3341 1931 3418 continuatur
1956 3342 2317 3442 magistra-

336 3487 504 3554 tus;
559 3465 689 3564 qui
747 3464 928 3539 veris
983 3461 1218 3552 initio,
1265 3464 1582 3539 exercitu
1624 3463 1927 3553 indicto,
1975 3464 2193 3539 castra
2234 3463 2315 3540 in

333 3587 605 3663 finibus
651 3584 1396 3661 Lacedaemoniorum
1451 3583 1709 3682 posuit.
1810 3587 2123 3684 Legatos
2192 3586 2319 3660 de-

333 3707 510 3783 inde
544 3704 729 3782 mifit
756 3708 850 3780 ad
883 3704 1370 3804 deposcendos
1402 3708 1723 3780 auetores
1759 3704 2207 3794 defectionis,
2244 3711 2314 3781 δε

333 3827 699 3904 civitatem
727 3827 802 3901 in
833 3853 1004 3926 pace
1031 3825 1372 3915 futuram,
1393 3825 1446 3898 fi
1469 3825 1546 3900 id
1574 3825 1912 3917 fecissent,
1941 3825 2312 3925 pollicenS,

335 3955 406 4025 ὅτ
465 3948 622 4024 illos
674 3947 857 4022 nihil
911 3945 1180 4022 indicta
1221 3949 1452 4022 cauffa
1497 3949 1831 4045 passuros,
1932 3945 2313 4022 Silentium

332 4095 500 4169 prae
553 4091 749 4144 metu
789 4090 1185 4144 ceterorum
1218 4066 1379 4142 fuit.
1478 4073 1687 4169 Qos
1724 4066 2154 4142 nominatim
2190 4069 2313 4142 de-

329 4188 769 4292 poposcerat,
825 4188 950 4288 ipfi
1007 4186 1076 4264 se
1135 4188 1358 4264 ituros
1410 4188 1688 4290 profeffi
1740 4188 1947 4277 sunt,
2003 4191 2147 4264 fide
2196 4215 2313 4263 ac-
