3100 5359
823 686 907 759 18
1475 681 2109 757 T.L1v11

817 858 1012 934 tibus
1061 856 1136 932 in
1174 855 1621 933 Perraebiam
1666 854 2045 956 profectuS,
2100 856 2493 933 Malloeam
2538 858 2607 931 ὅτ
2642 858 2788 955 Cy-

819 978 1026 1055 retias
1051 978 1121 1053 vi
1156 977 1372 1075 cepit,
1425 975 2037 1076 depopulatusque
2072 976 2169 1051 est
2195 1001 2445 1077 agrum
2472 978 2546 1049 T
2546 974 2787 1074 ripoli-

821 1122 1093 1174 tanum.
1194 1097 1339 1173 His
1373 1097 1627 1196 raptim
1674 1099 1993 1195 peractis,
2045 1096 2387 1173 Lariffam
2419 1097 2513 1171 ad
2544 1120 2787 1195 regem

819 1220 1162 1295 redeunt:
1215 1216 1667 1305 consultanti,
1720 1216 2067 1316 quidnam
2098 1218 2463 1317 agendum
2498 1218 2661 1291 effet
2691 1216 2788 1291 de

821 1337 1113 1427 Larifl‘a,
1167 1338 1736 1436 supervenerunt.
1836 1338 1947 1414 Ibi
1995 1337 2069 1413 in
2117 1335 2471 1413 diversum
2516 1334 2787 1412 senten-

820 1460 959 1534 tiae
1003 1460 1428 1533 tendebant:
1502 1457 1681 1546 aliis,
1752 1457 1903 1533 vim
1956 1457 2465 1546 adhibendam,
2517 1462 2584 1533 ἃ.
2638 1484 2789 1533 non

823 1580 1298 1655 differendum
1359 1578 1833 1668 censentibus,
1884 1579 2064 1678 quin
2116 1578 2453 1677 operibus
2504 1604 2585 1654 ac
2636 1604 2787 1653 ma-

821 1698 1051 1776 chinis
1087 1703 1287 1775 fimul
1321 1701 1647 1799 undique
1682 1698 1962 1774 moenia
2010 1702 2558 1801 adgrederentur
2592 1699 2787 1775 urbis

825 1826 982 1896 fitae
1017 1820 1091 1895 in
1123 1822 1362 1918 plano,
1413 1840 1712 1917 apertae,
1766 1820 2133 1918 campestri
2180 1820 2506 1919 undique
2540 1820 2786 1897 aditu:

821 1940 975 2017 aliis
1019 1968 1212 2017 nunc
1264 1938 1446 2015 vires
1475 1940 1699 2028 urbiS,
1752 1966 2208 2039 nequaquam
2256 1940 2501 2017 Pheris
2546 1939 2788 2016 confe-

823 2062 1108 2149 rendae,
1161 2052 1759 2136 memorantibus=
1814 2084 2009 2135 nunc
2043 2060 2355 2136 hiemem
2394 2066 2463 2136 ὅτ
2506 2083 2787 2159 tempus

821 2180 990 2257 anni
1043 2180 1222 2256 nulli
1276 2180 1569 2255 bellicae
1630 2180 1757 2269 rei,
1818 2178 2117 2256 minime
2170 2179 2517 2257 obfidioni
2570 2204 2787 2278 atque

821 2298 1338 2399 obpugnationi
1373 2300 1697 2389 urbium,
1749 2322 2018 2399 aptum.
2118 2305 2396 2376 Incerto
2422 2300 2571 2399 regi
2606 2299 2789 2375 inter

823 2420 1015 2519 spem
1063 2442 1482 2519 metumque
1515 2420 1727 2519 legati
1760 2448 1803 2495 a
1834 2420 2183 2509 Pharsa10,
2234 2419 2365 2519 qui
2398 2423 2491 2495 ad
2518 2422 2789 2496 deden-

823 2542 993 2615 dam
1045 2544 1298 2613 urbem
1351 2538 1548 2614 suam
1602 2538 1777 2615 forte
1831 2562 2189 2629 venerant,
2242 2540 2517 2616 animos
2568 2566 2786 2615 auxe-

821 2682 1011 2735 runt.
1109 2662 1227 2734 M.
1264 2658 1563 2736 Baebius
1594 2659 1904 2748 interim,
1942 2685 2113 2735 curn
2140 2659 2475 2759 Philippo
2506 2660 2585 2735 in
2612 2659 2787 2737 Das-

823 2780 1085 2857 saretiis
1136 2782 1562 2879 congrefl'uS,
1629 2786 1775 2877 Ap.
1830 2780 2216 2855 Claudium
2276 2806 2367 2855 ex
2415 2778 2795 2856 communi

823 2901 1110 2978 confilio
1135 2902 1226 2975 ad
1260 2899 1678 3000 praefidium
1712 2900 2015 2975 Larifl‘ae
2050 2900 2256 2989 mifit,
2308 2900 2436 3000 qui
2470 2927 2595 2999 per
2620 2901 2791 2975 Ma·-

823 3022 1198 3097 cedoniam
1251 3018 1526 3119 magnis
1568 3019 1941 3095 itineribus
1984 3020 2059 3095 in
2096 3021 2361 3121 jugum
2396 3021 2790 3111 montium,

825 3143 1026 3242 quod
1092 3140 1296 3240 super
1361 3144 1663 3215 Gonnos
1730 3140 1854 3228 est,
1930 3141 2270 3239 pervenit.
2402 3141 2789 3241 Oppidum

827 3261 1074 3338 Gonni
1115 3260 1374 3361 viginti
1403 3258 1627 3335 millia
1656 3263 1749 3335 ab
1782 3260 2049 3335 Lariffa
2074 3262 2291 3350 abest,
2342 3260 2419 3337 in
2452 3261 2607 3361 ipfis
2638 3260 2793 3336 fau-

824 3382 1029 3460 cibus
1054 3381 1286 3465 saltus,
1321 3405 1504 3479 quae
1533 3383 1817 3479 Tempe
1846 3382 2311 3479 adpellantur,
2346 3386 2574 3457 fitum.
2674 3380 2791 3456 Ibi

825 3505 1041 3581 castra
1073 3522 1374 3578 metatus
1406 3499 1643 3589 latius,
1694 3524 1915 3599 quam
1946 3526 2072 3598 pro
2114 3500 2364 3599 copiiS,
2416 3500 2491 3575 &
2524 3502 2790 3598 plures,

825 3650 1044 3723 quarn
1081 3640 1260 3719 quot
1309 3619 1464 3695 satis
1509 3620 1587 3693 in
1639 3619 1848 3694 usum
1882 3642 2101 3708 erant,
2156 3619 2351 3721 ignes
2400 3646 2633 3719 quum
2677 3647 2794 3697 ac·

827 3741 1191 3829 cendiffet,
1242 3740 1575 3841 speciem,
1626 3766 1847 3838 quam
1900 3742 2300 3838 quaefierat,
2366 3738 2546 3815 hosti
2596 3739 2794 3829 fecit,

829 3889 1118 3937 omnem
1167 3860 1269 3937 ibi
1323 3864 1741 3935 Romanum
1785 3861 2177 3937 exercitum
2223 3887 2393 3938 cum
2428 3886 2591 3960 rege
2625 3861 2795 3936 Phi-

827 3982 1028 4082 lippo
1053 3985 1208 4057 effe.
1307 3984 1557 4079 Itaque
1584 3980 1897 4055 hiemem
1924 3979 2169 4056 instare
2197 3984 2387 4080 apud
2414 3980 2572 4057 suos
2598 3982 2795 4057 caus·

829 4104 1013 4181 satus
1041 4130 1190 4191 mr,
1227 4128 1458 4177 unum
1492 4120 1773 4175 tantum
1804 4122 2115 4177 moratus
2148 4101 2372 4192 diem,
2404 4104 2497 4177 ab
2526 4103 2793 4177 Lariffa
