3100 5359
958 710 1696 787 LrnERXL.
2189 736 2332 813 399

352 890 407 931 ‘⁸
444 880 813 961 ceffiuium
838 886 1029 961 effet.
1113 887 1223 959 Ita
1240 880 1435 957 enim
1461 882 1846 960 obstinatos
1873 858 2004 959 ess‘e
2039 882 2328 974 militeS,

350 1014 403 1048 “
440 1016 525 1079 ut·
558 1029 704 1079 non
739 1006 921 1081 ultra
948 1004 1231 1080 retineri
1265 1009 1455 1106 pofl‘e
1490 1006 1566 1081 in
1600 1003 1966 1105 provincia
1997 1002 2330 1079 videren-

354 1134 407 1169 “
443 1144 585 1215 tur,
636 1124 1043 1224 injussuque
1097 1125 1359 1202 abituri
1405 1125 1576 1201 inde
1630 1126 1874 1214 effent,
1925 1128 1972 1200 fi
2018 1150 2166 1200 non
2217 1122 2330 1198 di-

352 1253 406 1289 “
442 1243 931 1321 mitterentur:
984 1265 1108 1321 aut
1134 1245 1209 1321 in
1236 1244 1730 1346 perniciosam,
1765 1247 1812 1318 fi
1845 1243 2008 1342 quis
2041 1242 2332 1343 inpense

352 1374 407 1408 “
442 1363 793 1454 retineret,
829 1365 1251 1443 seditionem
1271 1364 1646 1443 exarsuri.''
1715 1362 2148 1441 Consulibus
2180 1391 2333 1439 arn-⁶

352 1487 589 1563 bobus
667 1486 1109 1588 provinciam
1185 1486 1495 1588 Ligures
1583 1488 1718 1561 efl‘e
1761 1484 2061 1561 ‘senatus
2113 1486 2332 1583 juffit.

352 1610 713 1681 Praetores
764 1606 938 1683 inde
992 1606 1213 1683 sortiti
1271 1607 1449 1682 sunt.
1555 1612 1652 1682 A.
1687 1606 2007 1681 Hostilio
2038 1609 2332 1697 urbana,

352 1724 477 1803 Ti.
506 1726 851 1803 Minucio
870 1727 1239 1828 peregrina
1256 1727 1576 1816 obvenit,
1605 1731 1688 1802 P.
1709 1727 2046 1803 Cornelio
2065 1726 2333 1818 Sicilia,

355 1850 441 1923 C.
477 1848 779 1925 Maenio
806 1847 1147 1923 Sardinia.
1248 1846 1631 1946 Hispanias
1661 1846 1908 1935 sortiti,
1953 1851 2050 1923 L.
2081 1848 2334 1924 Postu·

353 1969 545 2045 mius
584 1969 1019 2057 ulteriorem,
1070 1968 1193 2043 Ti.
1230 1948 1688 2067 Sempronius
1741 1966 2164 2045 citeriorem.
2263 1970 2334 2044 Is
2403 1972 2410 1981 “

358 2091 531 2190 quia
572 2090 1000 2167 successurus
1034 2087 1427 2189 QFulvio
1467 2090 1726 2163 Flacco
1760 2108 1930 2177 erat,
1979 2114 2069 2162 ne
2101 2108 2336 2163 vetere

356 2210 673 2286 exercitu
708 2209 1077 2309 provincia
1102 2208 1535 2307 spoliaretur,
1591 2219 1642 2251 “
1679 2210 2039 2308 Qaero‚”
2067 2208 2334 2307 inquit,

357 2341 411 2375 “
446 2332 541 2407 de
574 2353 670 2418 te,
720 2333 813 2403 L.
848 2328 1168 2417 Minuci,
1198 2356 1429 2429 quum
1462 2328 1858 2405 confed'tam
1890 2330 2334 2428 provinciam

358 2461 413 2495 ‘⁶
452 2450 769 2539 nuncies,
839 2448 1309 2537 existimesne,
1378 2448 1776 2525 Celtiberos
1842 2470 2186 2550 perpetuo
2253 2450 2334 2528 in

361 2582 415 2617 “
452 2572 598 2649 fide
650 2568 1040 2660 mansuros,
1092 2569 1191 2645 ita
1233 2590 1317 2645 ut
1352 2573 1489 2645 fine
1518 2568 1832 2645 exercitu
1865 2596 1950 2645 ea
1973 2570 2340 2670 provincia

362 2701 415 2735 ‘⁶
451 2691 759 2769 obtineri
810 2693 1068 2791 poflit?
1166 2689 1243 2767 Si
1294 2716 1533 2790 neque
1585 2691 1676 2765 de
1707 2691 1850 2766 fide
1882 2694 2336 2769 barbarorum

364 2822 418 2857 “
454 2809 857 2911 quidquam
889 2810 1195 2911 recipere
1216 2828 1339 2887 aut
1359 2812 1728 2887 adfirmare
1759 2810 1966 2886 nobis
1998 2835 2224 2910 potes,
2261 2816 2342 2889 δε

362 2942 417 2979 “
452 2933 867 3009 habendum
900 2930 1047 3007 illic
1074 2931 1325 3031 utique
1350 2930 1744 3007 exercitum
1778 2930 2058 3021 censes3
2093 2954 2339 3010 utrum

365 3063 419 3097 “
456 3052 745 3127 tandem
772 3055 1019 3128 auster
1047 3050 1313 3127 senatui
1342 3054 1421 3127 fis
1447 3051 2020 3151 supplementum
2053 3050 2132 3127 in
2165 3052 2338 3127 His-

366 3184 420 3218 “
452 3172 741 3271 paniam
792 3170 1152 3260 mittendi,
1202 3192 1285 3247 ut
1334 3170 1385 3245 ii
1438 3173 1689 3261 mode,
1739 3171 2008 3270 quibus
2051 3172 2343 3251 emerita

366 3304 420 3339 ‘⁸
452 3291 803 3393 stipendia
862 3296 1017 3381 fint,
1095 3290 1357 3367 milites
1421 3290 1900 3381 dimittantur,
1980 3292 2338 3370 veteribus

364 3424 417 3458 “
454 3411 805 3490 militibus
832 3411 1093 3488 tirones
1120 3410 1670 3488 inmisceamur?
1721 3438 1839 3503 an,
1889 3412 2218 3489 deduffls
2246 3416 2342 3491 de

367 3544 421 3580 ‘⁶
456 3533 845 3634 provincia·
874 3532 1230 3609 veteribus
1286 3531 1719 3633 legionibus,
1770 3558 1987 3610 novas
2030 3533 2342 3611 conseri-

371 3665 424 3701 “
466 3654 685 3731 bendi
712 3658 782 3730 ὅτ
806 3652 1183 3743 mittendi,
1210 3678 1441 3753 quum
1459 3672 1903 3729 contemtum
1925 3653 2343 3733 tirocinium

371 3784 426 3820 “
461 3774 675 3851 etiam
702 3773 1017 3851 mitiores
1042 3776 1368 3851 barbaros
1400 3773 1706 3851 excitare
1729 3776 1823 3850 ad
1849 3776 2342 3853 rebellandum

374 3906 429 3941 “
464 3899 719 3995 poffit?
820 3896 1075 3987 Distu,
1127 3922 1345 3998 quarn
1378 3924 1479 3986 re,
1530 3896 1808 3973 facilius
1833 3900 1938 3986 fit,
1985 3898 2344 3996 provinci-

376 4026 430 4062 “
462 4042 608 4107 am,
646 4016 951 4119 ingenio
984 4017 1321 4107 ferocem,
1355 4015 1888 4106 rebellatricem,
1922 4016 2342 4095 confecisse?

372 4146 427 4182 ‘⁶
466 4140 742 4216 Paucae
806 4137 1153 4229 civitates,
1213 4160 1297 4215 ut
1344 4137 1646 4239 quidem
1689 4163 1828 4239 ego
1869 4136 2116 4229 audio,
2168 4165 2344 4244 quas
