3100 5359
779 708 921 783 302
1443 678 2073 761 T.L1v11

778 869 830 903 ‘⁶
865 856 970 933 vit
1001 855 1272 947 consul,
1303 861 1372 933 ὅτ
1407 862 1763 937 abducere
1790 860 2031 961 copias'
2056 860 2227 935 inde
2260 857 2518 959 coegit.
2618 852 2758 935 Ad

778 989 830 1024 ‘⁶
866 980 1078 1076 hujus
1109 976 1433 1053 solatium
1463 979 1756 1076 injuriae
1788 980 2195 1078 permifl'um
2229 980 2354 1069 est,
2406 1000 2488 1054 ut
2521 979 2759 1055 Thes·

777 1109 830 1143 “
865 1098 1064 1174 saliae
1098 1098 1701 1198 Perrhaebiaeque
1735 1101 1804 1173 ὅτ
1833 1103 2327 1175 Athamanum
2359 1099 2753 1198 reciperem

778 1226 830 1261 ‘⁶
866 1220 1222 1315 quaedam
1255 1218 1530 1293 castella
1563 1219 1813 1319 magis,
1844 1244 2065 1319 quam
2092 1224 2324 1297 urbes.
2426 1222 2535 1295 Ea
2559 1244 2754 1317 quo·

778 1346 830 1379 “
865 1362 1008 1435 que
1044 1336 1188 1436 ipsa
1215 1364 1340 1413 vos
1371 1337 1582 1427 mihi,
1636 1344 1748 1440 Q
1768 1340 2065 1429 Caecili,
2098 1366 2364 1439 paucos
2394 1360 2556 1415 ante
2590 1339 2753 1413 dies

777 1466 827 1499 “
863 1457 1246 1533 ademistis.
1347 1462 1488 1534 Pro
1539 1485 1685 1533 non
1733 1458 1962 1536 dubio
1995 1461 2239 1558 paullo
2270 1480 2459 1547 ante,
2499 1464 2549 1533 fi
2584 1458 2755 1533 Diis

775 1586 828 1621 “
862 1580 1119 1675 placet,
1153 1578 1366 1678 legati
1397 1578 1745 1654 Eumenis
1764 1577 2161 1669 sumebant,
2184 1605 2369 1679 quae
2392 1578 2753 1655 Antiochi

772 1707 826 1742 “
859 1697 1148 1773 fuerunt
1183 1702 1589 1775 Eumenem
1620 1700 1918 1800 aequius
1950 1702 2111 1788 effe,
2162 1726 2383 1800 quam
2416 1726 2563 1789 me,
2616 1702 2749 1773 ha·-

773 1828 826 1862 “
863 1820 1050 1893 bere.
1151 1821 1242 1895 Id
1271 1846 1410 1919 ego
1441 1820 1641 1895 aliter
1664 1822 1877 1920 longe
1913 1818 2171 1916 judico
2202 1822 2360 1899 effe.
2460 1822 2742 1895 Eume·-

772 1945 828 1981 “
861 1964 988 2013 nes
1045 1936 1268 2027 enim,
1335 1966 1482 2015 non
1541 1939 1667 2014 nis1
1711 1938 2032 2015 viciffent
2076 1938 2420 2029 Romani,
2466 1938 2589 2015 sed
2614 1938 2749 2015 nifi

771 2067 824 2102 “
861 2058 1136 2133 bellurn
1179 2060 1546 2157 gestissent,
1600 2085 1883 2134 manere
1918 2059 1995 2134 in
2020 2085 2242 2159 regno
2270 2058 2395 2135 suo
2428 2085 2578 2133 non
2608 2085 2747 2157 po-

771 2186 826 2221 “
861 2176 1028 2252 tuit.
1125 2180 1375 2276 Itaque
1421 2178 1537 2253 ille
1573 2179 1881 2253 vestrum
1914 2177 2251 2254 meritum
2296 2181 2537 2267 habet,
2590 2204 2745 2253 non

772 2307 823 2343 “
857 2323 984 2374 vos
1019 2296 1251 2375 illius=
1303 2298 1446 2373 mei
1482 2320 1719 2373 autem
1748 2299 1975 2399 regni,
2010 2319 2290 2373 tantum
2342 2301 2605 2388 aberat,
2658 2320 2747 2374 ut

770 2428 823 2462 “
860 2419 1004 2493 ulla
1029 2444 1185 2516 pars
1233 2416 1310 2493 in
1363 2417 1770 2494 discrimine
1817 2417 2051 2507 fuerit,
2094 2440 2179 2493 ut
2214 2418 2345 2493 tria
2377 2417 2608 2493 millia
2636 2440 2745 2494 ta·

770 2548 824 2582 “
859 2541 1163 2627 lentum,
1198 2542 1268 2612 ὅτ
1304 2537 1830 2638 quinquaginta
1854 2541 2068 2614 tectas
2101 2565 2337 2626 naves,
2381 2538 2459 2613 &
2490 2564 2748 2615 omnes

773 2667 824 2702 “
864 2658 1202 2733 Graeciae
1236 2656 1579 2747 civitates,
1634 2684 1811 2755 quas
1848 2679 2053 2735 antea
2084 2657 2490 2747 tenuiffem,
2526 2658 2739 2757 polli-

770 2788 821 2822 “
859 2799 1140 2853 centem
1185 2779 1370 2853 ultro
1407 2777 1855 2859 Antiochum
1893 2777 1967 2852 in
2000 2779 2413 2854 mercedem
2447 2777 2737 2855 societa-

769 2908 823 2943 “
857 2898 946 2974 tis
1009 2902 1136 2974 fim
1194 2896 1668 2997 adspernatus.
1780 2900 2233 2997 Hostemque
2284 2897 2351 2971 ei
2418 2924 2538 2973 me
2602 2902 2741 2975 effe

771 3028 822 3063 “
859 3018 1054 3118 prius
1113 3016 1352 3107 etiam,
1401 3045 1623 3118 quam
1676 3024 1816 3097 Μ’.
1877 3018 2158 3097 Acilius
2210 3015 2606 3092 exercitum
2662 3018 2742 3092 in

771 3149 823 3184 “
863 3138 1238 3215 Graeciam
1305 3139 1672 3237 trajiceret,
1728 3166 1891 3239 prae
1945 3164 2060 3215 me
2107 3138 2305 3214 tulit.
2336 3140 2405 3211 δι
2443 3162 2614 3212 cum
2650 3163 2741 3211 eo

771 3270 824 3303 “
861 3259 1146 3335 consule
1199 3258 1368 3335 belli
1419 3280 1719 3358 partem,
1758 3282 2298 3359 quamcumque
2332 3257 2512 3333 mihi
2542 3260 2737 3333 dele-

771 3389 822 3427 “
853 3379 1073 3481 gavit,
1119 3381 1306 3479 geffi.
1408 3381 1506 3452 Et
1535 3378 1935 3478 insequenti
1964 3378 2233 3455 consuli
2267 3381 2361 3455 L.
2387 3376 2739 3478 Scipioni,

771 3511 822 3545 ‘⁶
860 3526 1090 3599 quum
1128 3520 1308 3575 terra
1335 3498 1670 3575 statuifl‘et
1701 3501 1963 3575 ducere
1996 3498 2389 3575 exercitum
2421 3501 2516 3576 ad
2548 3502 2739 3577 Hel·

768 3630 822 3666 “
860 3619 1288 3719 lespontum,
1315 3646 1462 3694 non
1485 3619 1615 3695 iter
1640 3639 1919 3695 tantum
1940 3645 2066 3718 per
2083 3644 2386 3719 regnum
2414 3619 2738 3695 nostrum

769 3749 823 3785 ‘⁶
859 3739 1057 3828 dedi,
1094 3738 1213 3815 sed
1245 3740 1392 3815 vias
1424 3737 1639 3815 etiam
1668 3736 1977 3827 munivi,
2024 3758 2275 3836 pontes
2313 3737 2480 3828 feci,
2534 3765 2733 3817 com-

770 3869 824 3904 “
858 3878 1130 3933 meatus
1158 3858 1494 3958 praebui:
1549 3885 1681 3935 nec
1716 3884 1843 3957 per
1874 3858 2389 3935 Macedoniam
2422 3878 2731 3949 tantum,

773 3988 824 4023 “
862 3976 981 4053 sed
1037 4004 1166 4077 per
1223 3977 1607 4055 Thraciam
1644 3978 1886 4066 etiarn,
1939 3976 2068 4053 ubi
2112 3977 2295 4055 inter
2336 4000 2566 4057 cetera
2590 4005 2733 4079 pax

771 4108 824 4145 “
857 4122 1148 4199 quoque
1177 4099 1586 4199 praestanda
1616 4126 1656 4175 a
1684 4096 1988 4175 barbaris
2020 4119 2187 4175 erat.
2255 4103 2395 4178 Pro
2422 4102 2561 4179 hoc
2588 4100 2730 4177 stu-
