3100 5359
851 707 920 783 L
969 731 999 782 1
1057 681 1200 785 niz
1256 733 1304 786 lt
1408 709 1771 786 XXXIX.
2170 736 2335 810 3212

335 903 562 1000 tione)
637 907 995 1005 petebant.
1096 906 1622 1006 Certamenque
1672 906 1738 981 ei
1792 933 1963 981 cum
2013 905 2303 981 flamine

328 1047 495 1100 erat.
598 1029 696 1102 Et
723 1025 1098 1128 postquam
1131 1027 1367 1127 primo
1400 1053 1727 1127 aequare,
1780 1053 1952 1104 mox
1986 1025 2305 1127 superare

331 1144 548 1221 etiam
581 1145 682 1222 est
709 1144 921 1236 visus,
953 1174 1106 1246 pars
1135 1146 1589 1230 tribunorum
1627 1149 1854 1246 plebis
1891 1174 2169 1246 negare,
2200 1175 2305 1224 ra—

332 1265 606 1344 tionem
637 1269 783 1364 ejus
807 1270 1210 1344 habendam
1238 1271 1401 1358 effe,
1433 1272 1639 1368 quod
1670 1272 1852 1344 duos
1886 1271 2089 1343 fimul
2118 1295 2308 1344 unus

327 1384 802 1486 magistratus,
836 1385 1238 1486 praesertim
1267 1389 1575 1476 curuleS,
1614 1413 1849 1487 neque
1880 1413 2124 1488 capere
2152 1389 2306 1489 pos-

332 1503 460 1594 set,
511 1534 644 1584 nec
677 1533 951 1608 gerere:
1006 1533 1160 1606 pars
1210 1508 1491 1609 legibus
1541 1533 1710 1582 eum
1762 1507 1935 1583 solvi
1986 1535 2303 1611 aequum

331 1626 638 1718 censere,
667 1647 776 1718 ut,
814 1654 1032 1728 quem
1059 1630 1295 1716 vellet,
1330 1651 1725 1728 praetorem
1760 1631 2041 1704 creandi
2078 1657 2304 1729 popu-

327 1747 403 1823 lo
434 1748 734 1846 potestas
785 1751 1005 1824 fieret.
1109 1750 1202 1824 L.
1242 1748 1538 1825 Porcius
1574 1747 1817 1825 consul
1849 1751 2084 1849 primo
2118 1749 2192 1825 in
2226 1778 2308 1826 ea

332 1865 674 1944 sententia
707 1871 868 1960 effe,
904 1895 994 1944 ne
1029 1895 1294 1944 nomen
1329 1870 1476 1966 ejus
1509 1870 1881 1969 acciperet.
1985 1871 2300 1963 Deinde,

332 2008 424 2063 ut
451 2014 544 2064 ex
573 1988 990 2066 auctoritate
1023 1988 1298 2064 senatus
1331 1989 1528 2065 idem
1562 1989 1844 2079 faceret,
1897 1993 2305 2070 convocatis

332 2107 692 2198 PatribuS,
745 2121 798 2155 ‘⁶
836 2109 1084 2186 referre
1119 2108 1185 2187 se
1221 2111 1316 2184 ad
1347 2113 1540 2198 eos,”
1592 2109 1803 2198 dixit,
1852 2121 1903 2156 “
1936 2114 2139 2211 quod
2174 2140 2306 2190 nec

333 2229 570 2327 “jure
601 2232 782 2321 ullo,
819 2257 953 2307 nec
987 2232 1318 2331 exemplo
1353 2230 1703 2308 tolerabili
1736 2231 2011 2308 liberae·
2032 2231 2303 2308 civitati

334 2359 388 2396 “
421 2350 672 2426 aedilis
699 2349 966 2426 curulis
987 2353 1384 2452 defignatus
1409 2372 1805 2451 praeturam
1828 2372 2121 2452 peteret,
2152 2353 2303 2444 fibi,

335 2479 389 2516 “
425 2469 552 2546 nifi
579 2470 763 2571 quid
784 2471 978 2548 aliud
1005 2471 1091 2546 iis
1126 2472 1509 2562 videretur,
1539 2471 1615 2546 in
1640 2474 2069 2564 animo-effe,
2090 2501 2129 2550 e
2149 2477 2306 2576 lege

335 2601 390 2637 “
427 2590 721 2668 comitia
785 2594 1114 2668 habere.’'
1212 2596 1450 2668 Patres
1519 2593 1973 2684 censuerunt,
2048 2595 2159 2670 uti
2208 2599 2305 2672 L.

333 2712 634 2790 Porcius
667 2712 914 2789 consul
947 2739 1119 2789 cum
1151 2717 1266 2815 Q
1286 2713 1549 2788 Fulvio
1582 2736 1845 2814 ageret,
1900 2743 1989 2790 ne
2026 2715 2306 2815 inpedi-

334 2854 586 2910 mento
618 2835 808 2922 effer,
830 2859 982 2932 quo
1006 2832 1247 2908 minus
1275 2832 1569 2909 comitia
1587 2835 1925 2932 praetoris
1953 2835 2029 2911 in
2058 2839 2305 2912 locum

335 2955 425 3030 C.
454 2951 774 3029 Decimii
800 2952 1229 3053 subrogandi
1253 2979 1292 3028 e
1321 2955 1476 3054 lege
1495 2957 1947 3031 haberentur.
2034 2957 2307 3056 Agenti

332 3072 610 3151 consuli
637 3098 727 3149 ex
751 3071 1347 3149 senatusconsulto
1377 3074 1735 3173 respondit
1762 3078 2089 3164 Flaccus,
2122 3087 2173 3122 “
2196 3077 2305 3150 ni·

335 3203 389 3240 “
425 3193 782 3292 hil,quod
805 3191 872 3270 se
893 3192 1280 3294 indignum
1302 3197 1492 3284 effet,
1517 3194 1943 3272 facturum?
2041 3201 2305 3278 Medio

329 3313 658 3415 responso
679 3301 871 3414 spem
897 3316 989 3390 ad
1009 3316 1449 3390 voluntatem
1479 3315 2102 3416 interpretantibus
2119 3321 2303 3398 fece-

327 3456 464 3524 rat,
514 3435 866 3509 ceffurum
915 3436 1209 3510 Patrum
1260 3436 1660 3512 auctoritati
1712 3439 1868 3514 effe.
1972 3441 2305 3518 Comitiis

332 3553 564 3632 acrius
596 3553 838 3643 etiarn,
865 3579 1084 3652 quam
1117 3577 1305 3645 ante,
1332 3561 1644 3655 petebat,
1676 3559 2150 3651 criminando,
2176 3587 2299 3638 ex·

331 3673 646 3775 torqueri
695 3674 822 3750 fibi
855 3673 1218 3772 a-consule
1276 3681 1344 3750 &
1404 3676 1643 3751 senatu
1679 3681 1931 3776 populi
1985 3684 2301 3759 Romani

329 3794 796 3884 beneficium,
849 3799 919 3871 δε
972 3794 1320 3871 invidiam
1378 3783 1721 3896 geminati
1764 3800 2053 3878 honoris
2103 3803 2297 3894 fieri3

332 3937 704 4015 tamquam
764 3944 912 3993 non
965 3919 1356 4015 adpareret,
1406 3918 1536 3993 ubi
1584 3921 1978 4019 defignatus
2028 3946 2303 4022 praetor

332 4039 528 4125 effer,
577 4040 940 4137 extemplo
973 4038 1330 4113 aedilitate
1375 4037 1442 4113 se
1483 4037 2008 4117 abdicaturum.
2106 4045 2298 4119 Con-

331 4155 470 4249 sul,
503 4183 740 4259 quum
773 4163 843 4234 &
877 4158 1338 4260 pertinaciam
1372 4158 1675 4260 petentis
1722 4161 2048 4255 crescere,
2094 4167 2165 4238 &
2198 4162 2298 4240 fa·

1279 4281 1356 4357 Y
