3100 5359
754 716 913 834 ‘416
1430 739 2067 816 T.L1v11

769 915 1025 989 larunt.
1085 910 1265 987 Inde
1294 909 1652 987 Aemilius
1683 912 1972 1010 questus
1991 938 2226 1012 quum
2251 911 2412 1003 alia,
2445 932 2602 991 tum
2629 914 2742 993 bis

768 1060 813 1111 a
840 1036 954 1115 M.
982 1032 1244 1109 Fulvio
1276 1031 1342 1108 se
1376 1055 1569 1111 certo
1598 1032 1964 1109 consulatu
1999 1035 2380 1133 dejectum.
2441 1034 2739 1111 Fulvius

768 1174 1015 1229 contra
1044 1151 1273 1252 queri,
1308 1152 1375 1229 se
1399 1156 1491 1229 ab
1518 1179 1607 1228 eo
1631 1151 1901 1252 semper
1927 1154 2340 1243 mellitum,
2375 1158 2445 1229 ὅτ
2473 1154 2552 1230 in
2577 1180 2736 1254 pro-

766 1276 979 1349 hrum
1034 1274 1241 1349 suum
1308 1272 1744 1373 sponsionem
1794 1272 2076 1351 factam.
2173 1278 2458 1351 Tamen
2522 1276 2738 1349 ambo

766 1393 1175 1494 significare,
1225 1398 1273 1469 fi
1318 1396 1491 1469 alter
1531 1396 1790 1481 vellet„
1818 1391 1886 1469 se
1927 1394 2002 1471 in
2044 1394 2380 1492 potestate
2409 1414 2520 1470 tot
2543 1394 2734 1493 prin-

764 1515 1015 1612 cipum
1066 1513 1370 1591 civitatis
1426 1514 1730 1591 futuros.
1859 1514 2226 1591 Omnibus
2289 1514 2734 1607 instantibus,

708 1730 719 1747 ·
764 1635 896 1734 qui
956 1636 1271 1725 aderant,
1323 1636 1642 1711 dexteras
1701 1636 2070 1734 fidemque
2122 1636 2408 1725 dedere,
2459 1636 2734 1713 mittere

762 1782 925 1833 vere
980 1783 1064 1831 ac
1122 1754 1326 1837 finire
1390 1754 1670 1831 odium.
1771 1752 2084 1843 Deinde,
2137 1755 2734 1835 conlaudantibus

758 1876 1061 1967 cunctis,
1114 1875 1409 1953 deducti
1442 1874 1603 1952 sunt
1636 1874 1712 1950 in
1737 1874 2202 1975 Capitolium.
2303 1880 2400 1953 Et
2431 1903 2602 1953 cura
2623 1874 2728 1951 su-

759 2026 885 2101 per
908 1998 1030 2075 tali
1060 2023 1129 2072 re
1156 1994 1591 2096 principum,
1641 1998 1711 2071 ὅτ
1744 1994 2038 2071 facilitas
2062 1994 2430 2073 censorum
2457 1997 2732 2099 egregie

684 2186 692 2194 .
764 2120 1227 2217 comprobata
1260 2120 1352 2191 ab
1387 2114 1624 2191 senatu
1671 2118 1741 2189 ac
1775 2116 2060 2191 laudata
2083 2116 2204 2191 est.
2304 2115 2730 2197 Censoribus

760 2240 1023 2316 deinde
1056 2236 1602 2337 postulantibus,
1631 2256 1716 2312 ut
1733 2235 2078 2334 pecuniae
2108 2236 2384 2313 summa
2415 2238 2570 2328 fibi,
2591 2262 2732 2337 qua

760 2360 837 2437 in
891 2352 1103 2459 opera
1150 2356 1873 2459 publica-uterentur,
1924 2356 2468 2449 adtribueretur,
2515 2358 2730 2435 veffl·

754 2483 869 2583 gal
892 2472 1215 2585 annuum
1250 2481 1618 2555 decretum
1643 2477 1764 2555 est.
1785 2542 1802 2555 .

852 2600 1171 2677 XLVII.
1274 2600 1556 2675 Eodem
1599 2622 1790 2674 anno
1833 2596 1912 2673 in
1959 2596 2310 2697 Hispania
2351 2602 2449 2675 L.
2483 2599 2729 2675 Postu·

756 2719 948 2799 mius
996 2720 1075 2795 δε
1118 2718 1241 2794 Ti.
1276 2718 1740 2817 Sempronius
1771 2740 2250 2818 propraetores
2287 2746 2730 2820 comparave-

757 2863 922 2927 runt
972 2840 1071 2917 ita
1114 2841 1299 2917 inter
1347 2840 1441 2929 se,
1491 2860 1579 2941 ut
1613 2839 1688 2913 in
1726 2838 2079 2916 Vaccaeos
2125 2865 2252 2939 per
2291 2842 2730 2921 Lufitaniam

756 2964 889 3041 iret
944 2962 1287 3051 Albinus,
1358 2960 1435 3037 in
1486 2959 1946 3037 Celtiberiam
1998 2958 2170 3035 inde
2227 2982 2729 3051 reverteretur3

702 3072 728 3176 ’κ
758 3086 1153 3172 Gracchus,
1203 3086 1253 3157 fi
1310 3082 1537 3179 majus
1602 3080 1705 3157 ibi
1765 3082 2037 3157 bellum
2103 3082 2292 3169 effet,
2345 3078 2422 3156 in
2473 3081 2732 3157 ultima

760 3203 1179 3281 Celtiberiae
1210 3223 1628 3302 penetraret.
1728 3202 2094 3277 Mundam
2123 3204 2376 3277 urbem
2409 3202 2728 3301 primum

754 3318 829 3401 xii
878 3324 1097 3424 cepit,
1144 3326 1354 3399 nocte
1398 3348 1491 3399 ex
1526 3321 1882 3423 inproviso
1913 3322 2289 3421 adgrefl‘uS.
2386 3321 2728 3421 Acceptis

754 3444 1020 3523 deinde
1072 3443 1463 3534 obfidibus,
1526 3441 2008 3543 praefidioque
2061 3440 2388 3539 inpofit0‚
2451 3442 2728 3531 castella

756 3570 1199 3667 obpugnare,
1248 3590 1453 3665 agros
1510 3590 1739 3653 urere,
1809 3565 2040 3639 donec
2099 3564 2190 3638 ad
2253 3560 2724 3662 praevalidam

754 3687 967 3763 aliam
1017 3687 1274 3760 urbem
1304 3684 1729 3783 (Certimam
1757 3684 2116 3782 adpellant
2139 3681 2514 3775 Celtiberi)
2567 3708 2722 3779 per-

754 3806 971 3884 venit.
1070 3803 1231 3881 Ubi
1256 3830 1490 3903 quum
1521 3805 1675 3902 jam
1705 3830 1918 3903 opera
1945 3804 2378 3893 admoveret,
2425 3802 2724 3897 veniunt

752 3926 965 4029 legati
1007 3952 1101 4003 ex
1140 3922 1441 4027 oppido,
1493 3950 1805 4025 quorum
1840 3923 2066 4000 sermo
2097 3923 2430 4022 antiquae
2463 3922 2719 4022 fimpli-

755 4048 984 4126 citatis
1036 4046 1201 4136 fuit,
1252 4072 1399 4121 non
1442 4044 2030 4121 diffimulantium
2077 4046 2482 4133 bellaturos,
2529 4047 2578 4119 fi
2609 4042 2720 4118 vi·-

753 4196 859 4247 res
902 4172 1141 4246 essent.
1240 4166 1606 4267 Petierunt
1649 4165 1872 4256 enim,
1921 4187 2004 4241 ut
2044 4162 2172 4241 fibi
2205 4163 2286 4239 in
2317 4163 2530 4241 castra
2559 4162 2717 4241 Cel-
