3100 5359
819 734 893 806 L
946 758 975 804 1
1032 758 1073 805 n
1132 757 1177 805 r.
1232 756 1279 805 R
1382 734 1772 809 XXXVII.
2144 760 2272 809 111

324 928 549 979 naves
599 902 721 977 est.
824 902 971 977 Vix
1025 902 1221 978 suam
1256 904 1558 1002 quisque
1611 903 1891 979 noscere
1943 924 2065 979 aut
2115 904 2308 978 adire

318 1050 501 1121 prae
532 1025 856 1097 tumultu
892 1045 1195 1121 poterat:
1232 1026 1807 1123 trepidatumque
1836 1051 2002 1099 cum
2029 1025 2310 1125 pericu-

313 1144 389 1217 lo
425 1146 504 1216 δι
544 1142 623 1215 in
658 1141 859 1229 mari,
920 1148 989 1217 ac
1020 1143 1097 1217 in
1126 1164 1301 1219 terra
1329 1144 1535 1233 foret,
1605 1144 1706 1233 ni,
1763 1143 2086 1243 partibus
2127 1145 2312 1219 divi-

320 1266 433 1351 fis,
500 1262 887 1351 Aemilius,
924 1286 1095 1337 cum
1140 1265 1481 1361 praetoria
1512 1291 1688 1339 nave
1721 1264 1995 1363 primus
2021 1291 2060 1338 e
2095 1284 2306 1364 portu

314 1382 391 1457 in
421 1384 657 1457 altum
679 1384 987 1470 evefiuS,
1019 1382 1381 1481 excipiens
1403 1382 1874 1483 insequentes,
1901 1384 2026 1458 suo
2055 1410 2305 1481 quam-

318 1529 467 1602 que
538 1499 791 1575 ordine
849 1501 925 1576 in
986 1501 1291 1577 frontem
1370 1503 1827 1591 instruxisset,
1923 1506 2298 1579 Eudamus

315 1620 767 1719 Rhodiaque
793 1624 1007 1697 clasfis
1041 1622 1490 1718 substitissent
1520 1626 1610 1697 ad
1645 1644 1922 1711 terram,
1955 1646 2038 1697 ut
2066 1629 2133 1698 ὅτ
2168 1628 2306 1697 fine

316 1741 795 1841 trepidatione
828 1740 1403 1829 conscenderent,
1451 1748 1545 1831 &,
1595 1764 1676 1817 ut
1711 1769 2038 1841 quaeque
2065 1764 2310 1842 parata

318 1866 515 1951 effet,
600 1861 821 1936 exiret
872 1860 1087 1934 navis·
1212 1864 1319 1935 Ita
1380 1866 1448 1936 ὅτ
1520 1863 1924 1961 explicuere
1979 1863 2306 1937 ordinem

314 1982 591 2079 primae
632 1982 707 2055 in
744 1980 1121 2079 conspecm
1154 1981 1511 2079 praetoriS,
1561 1987 1626 2056 ὅτ
1665 1985 1994 2057 εοαᾶυιῑι
2047 2008 2306 2082 agmen

322 2107 410 2178 ab
446 2101 769 2175 Rhodiis
804 2099 936 2174 est:
993 2100 1467 2198 instructaque
1500 2102 1712 2190 acies,
1762 2104 1958 2175 velut
1993 2122 2305 2176 cerneret

320 2222 591 2320 regiOS,
653 2220 730 2293 in
783 2222 1005 2293 altum
1037 2224 1382 2319 proceffit.
1482 2223 1672 2294 Inter
1707 2220 2194 2319 Myonnesum
2231 2221 2308 2293 δι

322 2344 693 2439 Corycum
723 2338 1291 2437 promontorium
1326 2360 1547 2427 erant,
1577 2365 1807 2437 quum
1837 2340 2110 2417 hostem
2137 2366 2305 2415 con-

322 2460 636 2559 spexere.
738 2462 837 2531 Et
886 2458 1077 2558 regia
1108 2460 1347 2545 claflis,
1412 2458 1600 2535 binis
1637 2458 1710 2532 in
1745 2458 2073 2535 ordinem
2112 2459 2308 2535 navi-

324 2584 459 2657 bus
489 2582 716 2678 longo
751 2577 1037 2679 agmine
1056 2577 1385 2666 venienS,
1426 2584 1491 2652 &
1530 2578 1676 2678 ipsa
1705 2579 1933 2684 aciem
1953 2580 2312 2655 adversam

328 2698 717 2799 explicuit,
784 2718 1061 2772 tantum
1092 2699 1289 2773 laevo
1317 2702 1557 2773 evecta
1591 2724 1840 2787 cornu,
1888 2722 1972 2774 ut
2003 2702 2312 2800 amplec-

333 2818 387 2892 ti
422 2824 487 2892 &
529 2816 913 2893 circumire
948 2818 1324 2893 dexterum
1365 2844 1586 2893 cornu
1619 2822 2118 2895 Romanorum
2151 2820 2307 2919 pos-

330 2938 449 3014 set.
550 2939 779 3039 Qod
838 2936 968 3012 ubi
1023 2939 1424 3025 Eudamus,
1488 2938 1617 3035 qui
1669 2942 1968 3039 cogebat
2023 2966 2307 3037 agmen,

328 3058 537 3149 vidit,
568 3083 716 3133 non
750 3059 941 3156 pofl'e
962 3082 1259 3153 aequare
1280 3056 1608 3132 ordinem
1636 3060 2032 3147 Romanos,
2062 3063 2130 3133 ὅτ
2157 3080 2306 3133 tan-

334 3199 487 3253 tum
524 3203 674 3252 non
730 3178 883 3274 jam
918 3176 1284 3252 circumiri
1312 3204 1353 3251 a
1384 3178 1636 3251 dextro
1690 3203 1938 3266 corun,
2001 3178 2310 3253 concitat

330 3323 535 3373 naves
558 3329 584 3385 3
626 3301 728 3394 (ὅτ
750 3316 945 3371 erant
962 3298 1297 3371 Rhodiae
1317 3300 1528 3397 longe
1558 3295 1888 3371 omnium
1911 3297 2309 3374 celerrimae

332 3435 478 3491 tota
509 3416 745 3509 claffe)
804 3436 1255 3515 aequatoque
1290 3442 1541 3505 cornu,
1595 3415 1976 3515 praetoriae
2007 3416 2196 3505 navi,
2231 3418 2308 3492 in

340 3562 481 3634 qua
500 3535 987 3633 Polyxenidas
1020 3556 1189 3624 erat,
1258 3535 1452 3612 suam
1486 3538 1770 3633 objecit.

430 3656 683 3729 XXX.
786 3657 951 3751 Jam
987 3656 1151 3731 totis
1183 3658 1500 3731 classibus
1532 3660 1736 3732 simul
1769 3660 1858 3732 ab
1892 3658 2090 3731 omni
2117 3680 2309 3757 parte

336 3799 577 3873 pugna
604 3773 917 3849 conserta
942 3797 1108 3851 erat.
1195 3778 1317 3850 Ab
1346 3776 1695 3851 Romanis
1715 3778 2077 3877 octoginta
2099 3804 2310 3854 naves

338 3895 785 3995 pugnabant,
845 3921 936 3969 ex
991 3894 1257 3993 quibus
1319 3896 1652 3970 Rhodiae
1716 3898 1898 3972 duae
1946 3898 2021 3970 &
2053 3897 2310 3997 viginti

343 4036 561 4089 erant.
690 4015 1037 4090 Hostium
1099 4017 1313 4090 claffis
1372 4016 1956 4117 undenonaginta
2018 4016 2312 4093 navium

342 4136 501 4228 fuit,
538 4142 605 4213 δι
654 4135 1006 4213 maximae
1039 4135 1305 4213 formae
1343 4162 1549 4215 naves
1585 4158 1718 4213 tres
1769 4141 2060 4215 hexeres
2092 4141 2306 4223 habe-
