<?xml version="1.0" encoding="UTF-8"?>
<!DOCTYPE html PUBLIC "-//W3C//DTD XHTML 1.0 Transitional//EN"
    "http://www.w3.org/TR/xhtml1/DTD/xhtml1-transitional.dtd">
<html xmlns="http://www.w3.org/1999/xhtml" xml:lang="en" lang="en">
 <head>
  <title>
</title>
<meta http-equiv="Content-Type" content="text/html;charset=utf-8" />
  <meta name='ocr-system' content='tesseract 3.04.00' />
  <meta name='ocr-capabilities' content='ocr_page ocr_carea ocr_par ocr_line ocrx_word'/>
</head>
<body>
  <div class='ocr_page' id='page_1' title='image "./tliviipatavinih01homegoog_0073.png"; bbox 0 0 3100 5359; ppageno 0'>
   <div class='ocr_carea' id='block_1_1' title="bbox 873 740 2334 837">
    <p class='ocr_par' dir='ltr' id='par_1_1' title="bbox 873 740 2334 837">
     <span class='ocr_line' id='line_1_1' title="bbox 873 740 2334 837; baseline 0.003 -27"><span class='ocrx_word' id='word_1_1' title='bbox 873 740 946 811; x_wconf 95' lang='lat' dir='ltr'>L</span> <span class='ocrx_word' id='word_1_2' title='bbox 997 763 1025 810; x_wconf 92' lang='lat'>1</span> <span class='ocrx_word' id='word_1_3' title='bbox 1086 763 1127 811; x_wconf 78' lang='grc' dir='ltr'><strong>Β</strong></span> <span class='ocrx_word' id='word_1_4' title='bbox 1186 763 1231 812; x_wconf 71' lang='grc' dir='ltr'>Ε</span> <span class='ocrx_word' id='word_1_5' title='bbox 1288 762 1335 812; x_wconf 79' lang='lat' dir='ltr'>R</span> <span class='ocrx_word' id='word_1_6' title='bbox 1439 740 1795 814; x_wconf 90' lang='lat' dir='ltr'>XXXVI.</span> <span class='ocrx_word' id='word_1_7' title='bbox 2249 745 2334 837; x_wconf 85' lang='lat'>65</span> 
     </span>
    </p>
   </div>
   <div class='ocr_carea' id='block_1_2' title="bbox 332 915 2336 4262">
    <p class='ocr_par' dir='ltr' id='par_1_2' title="bbox 342 915 2336 1588">
     <span class='ocr_line' id='line_1_2' title="bbox 346 915 2336 1015; baseline 0 -27"><span class='ocrx_word' id='word_1_8' title='bbox 346 916 448 988; x_wconf 88' lang='lat' dir='ltr'>Et</span> <span class='ocrx_word' id='word_1_9' title='bbox 486 915 645 1010; x_wconf 85' lang='lat' dir='ltr'>jam</span> <span class='ocrx_word' id='word_1_10' title='bbox 697 915 935 988; x_wconf 85' lang='lat' dir='ltr'>claffes</span> <span class='ocrx_word' id='word_1_11' title='bbox 983 941 1276 1014; x_wconf 90' lang='lat' dir='ltr'>quoque</span> <span class='ocrx_word' id='word_1_12' title='bbox 1322 915 1651 1015; x_wconf 88' lang='lat' dir='ltr'>undique</span> <span class='ocrx_word' id='word_1_13' title='bbox 1684 936 2208 1004; x_wconf 89' lang='lat' dir='ltr'>concurrerant,</span> <span class='ocrx_word' id='word_1_14' title='bbox 2259 917 2336 988; x_wconf 74' lang='grc' dir='ltr'>δε</span> 
     </span>
     <span class='ocr_line' id='line_1_3' title="bbox 342 1033 2334 1135; baseline -0.001 -25"><span class='ocrx_word' id='word_1_15' title='bbox 342 1037 593 1132; x_wconf 86' lang='lat' dir='ltr'>paffim</span> <span class='ocrx_word' id='word_1_16' title='bbox 630 1033 1003 1133; x_wconf 85' lang='lat' dir='ltr'>permixtis</span> <span class='ocrx_word' id='word_1_17' title='bbox 1032 1035 1332 1110; x_wconf 87' lang='lat' dir='ltr'>navibus</span> <span class='ocrx_word' id='word_1_18' title='bbox 1364 1039 1842 1135; x_wconf 82' lang='lat' dir='ltr'>pugnabatur.</span> <span class='ocrx_word' id='word_1_19' title='bbox 1947 1040 2334 1124; x_wconf 75' lang='lat' dir='ltr'>EumeneS,</span> 
     </span>
     <span class='ocr_line' id='line_1_4' title="bbox 343 1154 2332 1252; baseline 0.001 -25"><span class='ocrx_word' id='word_1_20' title='bbox 343 1154 477 1252; x_wconf 92' lang='lat' dir='ltr'>qui</span> <span class='ocrx_word' id='word_1_21' title='bbox 528 1175 893 1228; x_wconf 81' lang='lat' dir='ltr'>extremus</span> <span class='ocrx_word' id='word_1_22' title='bbox 948 1155 1320 1230; x_wconf 88' lang='lat' dir='ltr'>commiffo</span> <span class='ocrx_word' id='word_1_23' title='bbox 1366 1155 1751 1230; x_wconf 83' lang='lat' dir='ltr'><strong>certamine</strong></span> <span class='ocrx_word' id='word_1_24' title='bbox 1796 1157 2195 1244; x_wconf 88' lang='lat' dir='ltr'>advenerat,</span> <span class='ocrx_word' id='word_1_25' title='bbox 2247 1177 2332 1230; x_wconf 88' lang='lat' dir='ltr'>ut</span> 
     </span>
     <span class='ocr_line' id='line_1_5' title="bbox 344 1273 2334 1351; baseline 0.001 -3"><span class='ocrx_word' id='word_1_26' title='bbox 344 1273 857 1348; x_wconf 86' lang='lat' dir='ltr'>animadvertit</span> <span class='ocrx_word' id='word_1_27' title='bbox 890 1276 1173 1349; x_wconf 87' lang='lat' dir='ltr'>laevum</span> <span class='ocrx_word' id='word_1_28' title='bbox 1210 1301 1430 1350; x_wconf 89' lang='lat' dir='ltr'>cornu</span> <span class='ocrx_word' id='word_1_29' title='bbox 1469 1277 1784 1350; x_wconf 87' lang='lat' dir='ltr'>hostium</span> <span class='ocrx_word' id='word_1_30' title='bbox 1819 1281 1908 1350; x_wconf 90' lang='lat' dir='ltr'>ab</span> <span class='ocrx_word' id='word_1_31' title='bbox 1941 1276 2158 1351; x_wconf 88' lang='lat' dir='ltr'>Livio</span> <span class='ocrx_word' id='word_1_32' title='bbox 2189 1299 2334 1351; x_wconf 91' lang='lat' dir='ltr'>tur-</span> 
     </span>
     <span class='ocr_line' id='line_1_6' title="bbox 346 1394 2333 1497; baseline 0.001 -29"><span class='ocrx_word' id='word_1_33' title='bbox 346 1397 631 1483; x_wconf 90' lang='lat' dir='ltr'>batum,</span> <span class='ocrx_word' id='word_1_34' title='bbox 686 1397 1021 1469; x_wconf 86' lang='lat' dir='ltr'>dextrum</span> <span class='ocrx_word' id='word_1_35' title='bbox 1074 1394 1243 1494; x_wconf 89' lang='lat' dir='ltr'>ipse,</span> <span class='ocrx_word' id='word_1_36' title='bbox 1296 1397 1425 1471; x_wconf 85' lang='lat' dir='ltr'>ubi</span> <span class='ocrx_word' id='word_1_37' title='bbox 1460 1425 1687 1496; x_wconf 82' lang='lat' dir='ltr'>aequa</span> <span class='ocrx_word' id='word_1_38' title='bbox 1719 1423 1962 1497; x_wconf 86' lang='lat' dir='ltr'>pugna</span> <span class='ocrx_word' id='word_1_39' title='bbox 2006 1417 2174 1486; x_wconf 89' lang='lat' dir='ltr'>erat,</span> <span class='ocrx_word' id='word_1_40' title='bbox 2227 1397 2333 1470; x_wconf 88' lang='lat' dir='ltr'>in-</span> 
     </span>
     <span class='ocr_line' id='line_1_7' title="bbox 344 1515 570 1588; baseline 0 -1"><span class='ocrx_word' id='word_1_41' title='bbox 344 1515 570 1588; x_wconf 84' lang='lat' dir='ltr'>vadit.</span> 
     </span>
    </p>

    <p class='ocr_par' dir='ltr' id='par_1_3' title="bbox 332 1635 2331 4262">
     <span class='ocr_line' id='line_1_8' title="bbox 448 1635 2331 1737; baseline 0.002 -29"><span class='ocrx_word' id='word_1_42' title='bbox 448 1637 691 1709; x_wconf 91' lang='lat' dir='ltr'>XLV.</span> <span class='ocrx_word' id='word_1_43' title='bbox 791 1638 953 1712; x_wconf 91' lang='lat' dir='ltr'>Nec</span> <span class='ocrx_word' id='word_1_44' title='bbox 1002 1635 1099 1711; x_wconf 88' lang='lat' dir='ltr'>ita</span> <span class='ocrx_word' id='word_1_45' title='bbox 1143 1639 1374 1712; x_wconf 88' lang='lat' dir='ltr'>multo</span> <span class='ocrx_word' id='word_1_46' title='bbox 1428 1639 1586 1736; x_wconf 86' lang='lat' dir='ltr'>post</span> <span class='ocrx_word' id='word_1_47' title='bbox 1638 1639 1954 1737; x_wconf 90' lang='lat' dir='ltr'>primum</span> <span class='ocrx_word' id='word_1_48' title='bbox 1999 1643 2090 1714; x_wconf 89' lang='lat' dir='ltr'>ab</span> <span class='ocrx_word' id='word_1_49' title='bbox 2131 1641 2331 1712; x_wconf 87' lang='lat' dir='ltr'>laevo</span> 
     </span>
     <span class='ocr_line' id='line_1_9' title="bbox 343 1754 2328 1857; baseline 0.002 -27"><span class='ocrx_word' id='word_1_50' title='bbox 343 1780 573 1830; x_wconf 89' lang='lat' dir='ltr'>cornu</span> <span class='ocrx_word' id='word_1_51' title='bbox 608 1754 783 1855; x_wconf 86' lang='lat' dir='ltr'>fuga</span> <span class='ocrx_word' id='word_1_52' title='bbox 808 1755 1067 1854; x_wconf 88' lang='lat' dir='ltr'>coepit.</span> <span class='ocrx_word' id='word_1_53' title='bbox 1170 1757 1644 1857; x_wconf 80' lang='lat' dir='ltr'>Polyxenidas</span> <span class='ocrx_word' id='word_1_54' title='bbox 1679 1759 1900 1848; x_wconf 89' lang='lat' dir='ltr'>enim,</span> <span class='ocrx_word' id='word_1_55' title='bbox 1952 1780 2036 1834; x_wconf 91' lang='lat' dir='ltr'>ut</span> <span class='ocrx_word' id='word_1_56' title='bbox 2067 1759 2328 1834; x_wconf 83' lang='lat' dir='ltr'>virtute</span> 
     </span>
     <span class='ocr_line' id='line_1_10' title="bbox 344 1875 2330 1977; baseline 0.001 -27"><span class='ocrx_word' id='word_1_57' title='bbox 344 1875 669 1950; x_wconf 88' lang='lat' dir='ltr'>militum</span> <span class='ocrx_word' id='word_1_58' title='bbox 702 1877 898 1951; x_wconf 88' lang='lat' dir='ltr'>haud</span> <span class='ocrx_word' id='word_1_59' title='bbox 930 1877 1153 1952; x_wconf 90' lang='lat' dir='ltr'>dubie</span> <span class='ocrx_word' id='word_1_60' title='bbox 1180 1876 1481 1977; x_wconf 88' lang='lat' dir='ltr'>superari</span> <span class='ocrx_word' id='word_1_61' title='bbox 1517 1878 1584 1952; x_wconf 93' lang='lat' dir='ltr'>se</span> <span class='ocrx_word' id='word_1_62' title='bbox 1617 1879 1828 1968; x_wconf 87' lang='lat' dir='ltr'>vidit,</span> <span class='ocrx_word' id='word_1_63' title='bbox 1881 1879 2166 1955; x_wconf 89' lang='lat' dir='ltr'>sublatis</span> <span class='ocrx_word' id='word_1_64' title='bbox 2201 1881 2330 1954; x_wconf 92' lang='lat' dir='ltr'>do-</span> 
     </span>
     <span class='ocr_line' id='line_1_11' title="bbox 340 1996 2325 2098; baseline 0.001 -28"><span class='ocrx_word' id='word_1_65' title='bbox 340 1997 636 2074; x_wconf 89' lang='lat' dir='ltr'>lonibus</span> <span class='ocrx_word' id='word_1_66' title='bbox 668 1996 880 2071; x_wconf 88' lang='lat' dir='ltr'>effuse</span> <span class='ocrx_word' id='word_1_67' title='bbox 916 1997 1161 2097; x_wconf 86' lang='lat' dir='ltr'>fugere</span> <span class='ocrx_word' id='word_1_68' title='bbox 1204 1997 1554 2072; x_wconf 86' lang='lat' dir='ltr'>intendit:</span> <span class='ocrx_word' id='word_1_69' title='bbox 1611 2027 1786 2073; x_wconf 86' lang='lat' dir='ltr'>mox</span> <span class='ocrx_word' id='word_1_70' title='bbox 1816 2001 2010 2075; x_wconf 87' lang='lat' dir='ltr'>idern</span> <span class='ocrx_word' id='word_1_71' title='bbox 2046 2006 2142 2088; x_wconf 78' lang='grc' dir='ltr'>ὅτ,</span> <span class='ocrx_word' id='word_1_72' title='bbox 2195 1997 2325 2098; x_wconf 87' lang='lat' dir='ltr'>qui</span> 
     </span>
     <span class='ocr_line' id='line_1_12' title="bbox 339 2121 2325 2216; baseline 0 -24"><span class='ocrx_word' id='word_1_73' title='bbox 339 2143 568 2216; x_wconf 85' lang='lat' dir='ltr'>prope</span> <span class='ocrx_word' id='word_1_74' title='bbox 590 2139 845 2193; x_wconf 84' lang='lat' dir='ltr'>terram</span> <span class='ocrx_word' id='word_1_75' title='bbox 871 2143 1041 2192; x_wconf 91' lang='lat' dir='ltr'>cum</span> <span class='ocrx_word' id='word_1_76' title='bbox 1074 2121 1401 2194; x_wconf 89' lang='lat' dir='ltr'>Eumene</span> <span class='ocrx_word' id='word_1_77' title='bbox 1426 2140 1919 2193; x_wconf 83' lang='lat' dir='ltr'>contraxerant</span> <span class='ocrx_word' id='word_1_78' title='bbox 1945 2142 2325 2207; x_wconf 87' lang='lat' dir='ltr'>certamen,</span> 
     </span>
     <span class='ocr_line' id='line_1_13' title="bbox 344 2237 2326 2336; baseline 0.001 -25"><span class='ocrx_word' id='word_1_79' title='bbox 344 2237 698 2314; x_wconf 89' lang='lat' dir='ltr'>fecerunt.</span> <span class='ocrx_word' id='word_1_80' title='bbox 800 2237 1119 2313; x_wconf 85' lang='lat' dir='ltr'>Romani</span> <span class='ocrx_word' id='word_1_81' title='bbox 1155 2244 1222 2313; x_wconf 78' lang='grc' dir='ltr'>ὅτ</span> <span class='ocrx_word' id='word_1_82' title='bbox 1262 2241 1652 2328; x_wconf 78' lang='lat' dir='ltr'>EumeneS,</span> <span class='ocrx_word' id='word_1_83' title='bbox 1707 2239 1948 2336; x_wconf 84' lang='lat' dir='ltr'>quoad</span> <span class='ocrx_word' id='word_1_84' title='bbox 1985 2237 2326 2313; x_wconf 88' lang='lat' dir='ltr'>subficere</span> 
     </span>
     <span class='ocr_line' id='line_1_14' title="bbox 344 2357 2328 2459; baseline -0.001 -27"><span class='ocrx_word' id='word_1_85' title='bbox 344 2359 651 2459; x_wconf 83' lang='lat' dir='ltr'>remiges</span> <span class='ocrx_word' id='word_1_86' title='bbox 680 2381 1097 2457; x_wconf 89' lang='lat' dir='ltr'>potuerunt,</span> <span class='ocrx_word' id='word_1_87' title='bbox 1149 2364 1216 2434; x_wconf 79' lang='grc' dir='ltr'>ὅτ</span> <span class='ocrx_word' id='word_1_88' title='bbox 1266 2358 1340 2432; x_wconf 90' lang='lat' dir='ltr'>in</span> <span class='ocrx_word' id='word_1_89' title='bbox 1386 2358 1503 2457; x_wconf 90' lang='lat' dir='ltr'>spe</span> <span class='ocrx_word' id='word_1_90' title='bbox 1538 2379 1734 2433; x_wconf 89' lang='lat' dir='ltr'>erant</span> <span class='ocrx_word' id='word_1_91' title='bbox 1764 2357 2061 2432; x_wconf 84' lang='lat' dir='ltr'>extremi</span> <span class='ocrx_word' id='word_1_92' title='bbox 2103 2357 2328 2456; x_wconf 84' lang='lat' dir='ltr'>agmi-</span> 
     </span>
     <span class='ocr_line' id='line_1_15' title="bbox 344 2477 2327 2576; baseline 0.001 -25"><span class='ocrx_word' id='word_1_93' title='bbox 344 2477 461 2552; x_wconf 88' lang='lat' dir='ltr'>nis</span> <span class='ocrx_word' id='word_1_94' title='bbox 500 2477 837 2567; x_wconf 84' lang='lat' dir='ltr'>vexandi,</span> <span class='ocrx_word' id='word_1_95' title='bbox 889 2477 1048 2552; x_wconf 88' lang='lat' dir='ltr'>satis</span> <span class='ocrx_word' id='word_1_96' title='bbox 1082 2478 1532 2576; x_wconf 86' lang='lat' dir='ltr'>pertinaciter</span> <span class='ocrx_word' id='word_1_97' title='bbox 1574 2477 1794 2554; x_wconf 91' lang='lat' dir='ltr'>secuti</span> <span class='ocrx_word' id='word_1_98' title='bbox 1847 2478 2028 2553; x_wconf 89' lang='lat' dir='ltr'>sunt.</span> <span class='ocrx_word' id='word_1_99' title='bbox 2131 2477 2327 2552; x_wconf 89' lang='lat' dir='ltr'>Post-</span> 
     </span>
     <span class='ocr_line' id='line_1_16' title="bbox 343 2597 2326 2698; baseline -0.001 -25"><span class='ocrx_word' id='word_1_100' title='bbox 343 2625 571 2698; x_wconf 88' lang='lat' dir='ltr'>quam</span> <span class='ocrx_word' id='word_1_101' title='bbox 596 2598 946 2674; x_wconf 88' lang='lat' dir='ltr'>celeritate</span> <span class='ocrx_word' id='word_1_102' title='bbox 975 2599 1297 2688; x_wconf 85' lang='lat' dir='ltr'>navium,</span> <span class='ocrx_word' id='word_1_103' title='bbox 1335 2621 1585 2696; x_wconf 89' lang='lat' dir='ltr'>utpote</span> <span class='ocrx_word' id='word_1_104' title='bbox 1616 2598 1913 2686; x_wconf 89' lang='lat' dir='ltr'>levium,</span> <span class='ocrx_word' id='word_1_105' title='bbox 1949 2597 2102 2672; x_wconf 89' lang='lat' dir='ltr'>suas</span> <span class='ocrx_word' id='word_1_106' title='bbox 2130 2623 2326 2673; x_wconf 91' lang='lat' dir='ltr'>com-</span> 
     </span>
     <span class='ocr_line' id='line_1_17' title="bbox 346 2709 2325 2806; baseline -0.001 -12"><span class='ocrx_word' id='word_1_107' title='bbox 346 2739 591 2794; x_wconf 88' lang='lat' dir='ltr'>meatu</span> <span class='ocrx_word' id='word_1_108' title='bbox 655 2719 937 2793; x_wconf 88' lang='lat' dir='ltr'>onustas</span> <span class='ocrx_word' id='word_1_109' title='bbox 989 2719 1185 2793; x_wconf 85' lang='lat' dir='ltr'>eludi</span> <span class='ocrx_word' id='word_1_110' title='bbox 1240 2717 1490 2793; x_wconf 88' lang='lat' dir='ltr'>frustra</span> <span class='ocrx_word' id='word_1_111' title='bbox 1542 2709 1912 2800; x_wconf 83' lang='lat' dir='ltr'>tendentes</span> <span class='ocrx_word' id='word_1_112' title='bbox 1963 2715 2325 2806; x_wconf 85' lang='lat' dir='ltr'>viderunt,</span> 
     </span>
     <span class='ocr_line' id='line_1_18' title="bbox 342 2837 2324 2937; baseline -0.001 -23"><span class='ocrx_word' id='word_1_113' title='bbox 342 2841 641 2914; x_wconf 85' lang='lat' dir='ltr'>tandem</span> <span class='ocrx_word' id='word_1_114' title='bbox 674 2838 1138 2927; x_wconf 85' lang='lat' dir='ltr'>abstiterunt3</span> <span class='ocrx_word' id='word_1_115' title='bbox 1193 2838 1535 2914; x_wconf 87' lang='lat' dir='ltr'>tredecim</span> <span class='ocrx_word' id='word_1_116' title='bbox 1568 2837 1789 2937; x_wconf 89' lang='lat' dir='ltr'>captis</span> <span class='ocrx_word' id='word_1_117' title='bbox 1823 2838 2121 2913; x_wconf 86' lang='lat' dir='ltr'>navibus</span> <span class='ocrx_word' id='word_1_118' title='bbox 2155 2864 2324 2913; x_wconf 91' lang='lat' dir='ltr'>cum</span> 
     </span>
     <span class='ocr_line' id='line_1_19' title="bbox 338 2959 2320 3058; baseline -0.002 -23"><span class='ocrx_word' id='word_1_119' title='bbox 338 2959 573 3035; x_wconf 88' lang='lat' dir='ltr'>milite</span> <span class='ocrx_word' id='word_1_120' title='bbox 640 2985 722 3035; x_wconf 90' lang='lat' dir='ltr'>ac</span> <span class='ocrx_word' id='word_1_121' title='bbox 782 2959 1083 3058; x_wconf 87' lang='lat' dir='ltr'>remige,</span> <span class='ocrx_word' id='word_1_122' title='bbox 1161 2960 1411 3034; x_wconf 89' lang='lat' dir='ltr'>decem</span> <span class='ocrx_word' id='word_1_123' title='bbox 1474 2959 1822 3032; x_wconf 77' lang='lat' dir='ltr'>demersis·</span> <span class='ocrx_word' id='word_1_124' title='bbox 1949 2961 2320 3033; x_wconf 86' lang='lat' dir='ltr'>Romanae</span> 
     </span>
     <span class='ocr_line' id='line_1_20' title="bbox 340 3077 2328 3176; baseline 0.001 -21"><span class='ocrx_word' id='word_1_125' title='bbox 340 3083 566 3155; x_wconf 83' lang='lat' dir='ltr'>claffis</span> <span class='ocrx_word' id='word_1_126' title='bbox 616 3106 761 3154; x_wconf 90' lang='lat' dir='ltr'>una</span> <span class='ocrx_word' id='word_1_127' title='bbox 814 3080 1091 3153; x_wconf 89' lang='lat' dir='ltr'>Punica</span> <span class='ocrx_word' id='word_1_128' title='bbox 1137 3079 1359 3168; x_wconf 77' lang='lat' dir='ltr'>naviS,</span> <span class='ocrx_word' id='word_1_129' title='bbox 1414 3078 1489 3152; x_wconf 89' lang='lat' dir='ltr'>in</span> <span class='ocrx_word' id='word_1_130' title='bbox 1541 3077 1776 3176; x_wconf 89' lang='lat' dir='ltr'>primo</span> <span class='ocrx_word' id='word_1_131' title='bbox 1825 3079 2203 3154; x_wconf 87' lang='lat' dir='ltr'>certamine</span> <span class='ocrx_word' id='word_1_132' title='bbox 2237 3084 2328 3156; x_wconf 89' lang='lat' dir='ltr'>ab</span> 
     </span>
     <span class='ocr_line' id='line_1_21' title="bbox 342 3199 2328 3298; baseline -0.001 -22"><span class='ocrx_word' id='word_1_133' title='bbox 342 3203 633 3276; x_wconf 87' lang='lat' dir='ltr'>duabus</span> <span class='ocrx_word' id='word_1_134' title='bbox 700 3199 1211 3288; x_wconf 89' lang='lat' dir='ltr'>circumventa,</span> <span class='ocrx_word' id='word_1_135' title='bbox 1291 3199 1521 3298; x_wconf 86' lang='lat' dir='ltr'>periit.</span> <span class='ocrx_word' id='word_1_136' title='bbox 1636 3199 2111 3298; x_wconf 86' lang='lat' dir='ltr'>Polyxenidas</span> <span class='ocrx_word' id='word_1_137' title='bbox 2179 3227 2328 3274; x_wconf 90' lang='lat' dir='ltr'>non</span> 
     </span>
     <span class='ocr_line' id='line_1_22' title="bbox 338 3318 2329 3421; baseline -0.002 -24"><span class='ocrx_word' id='word_1_138' title='bbox 338 3322 571 3421; x_wconf 90' lang='lat' dir='ltr'>prius,</span> <span class='ocrx_word' id='word_1_139' title='bbox 626 3347 845 3420; x_wconf 87' lang='lat' dir='ltr'>quam</span> <span class='ocrx_word' id='word_1_140' title='bbox 894 3319 972 3394; x_wconf 88' lang='lat' dir='ltr'>in</span> <span class='ocrx_word' id='word_1_141' title='bbox 1018 3342 1225 3418; x_wconf 89' lang='lat' dir='ltr'>portu</span> <span class='ocrx_word' id='word_1_142' title='bbox 1277 3322 1562 3420; x_wconf 89' lang='lat' dir='ltr'>Ephefi,</span> <span class='ocrx_word' id='word_1_143' title='bbox 1614 3318 1825 3419; x_wconf 89' lang='lat' dir='ltr'>fugae</span> <span class='ocrx_word' id='word_1_144' title='bbox 1867 3322 2084 3394; x_wconf 89' lang='lat' dir='ltr'>finem</span> <span class='ocrx_word' id='word_1_145' title='bbox 2138 3318 2329 3395; x_wconf 88' lang='lat' dir='ltr'>fecit.</span> 
     </span>
     <span class='ocr_line' id='line_1_23' title="bbox 338 3440 2324 3540; baseline -0.002 -22"><span class='ocrx_word' id='word_1_146' title='bbox 338 3441 667 3518; x_wconf 83' lang='lat' dir='ltr'>Romani</span> <span class='ocrx_word' id='word_1_147' title='bbox 724 3468 812 3514; x_wconf 91' lang='lat' dir='ltr'>eo</span> <span class='ocrx_word' id='word_1_148' title='bbox 864 3441 1009 3529; x_wconf 88' lang='lat' dir='ltr'>die,</span> <span class='ocrx_word' id='word_1_149' title='bbox 1072 3442 1267 3515; x_wconf 90' lang='lat' dir='ltr'>unde</span> <span class='ocrx_word' id='word_1_150' title='bbox 1322 3443 1581 3540; x_wconf 87' lang='lat' dir='ltr'>egreffa</span> <span class='ocrx_word' id='word_1_151' title='bbox 1638 3440 1830 3540; x_wconf 87' lang='lat' dir='ltr'>regia</span> <span class='ocrx_word' id='word_1_152' title='bbox 1882 3441 2096 3515; x_wconf 85' lang='lat' dir='ltr'>claffis</span> <span class='ocrx_word' id='word_1_153' title='bbox 2154 3461 2324 3529; x_wconf 91' lang='lat' dir='ltr'>erat,</span> 
     </span>
     <span class='ocr_line' id='line_1_24' title="bbox 341 3558 2326 3660; baseline -0.001 -22"><span class='ocrx_word' id='word_1_154' title='bbox 341 3561 799 3639; x_wconf 84' lang='lat' dir='ltr'>manserunt:</span> <span class='ocrx_word' id='word_1_155' title='bbox 852 3561 1128 3660; x_wconf 89' lang='lat' dir='ltr'>postero</span> <span class='ocrx_word' id='word_1_156' title='bbox 1175 3558 1291 3635; x_wconf 90' lang='lat' dir='ltr'>die</span> <span class='ocrx_word' id='word_1_157' title='bbox 1338 3560 1613 3634; x_wconf 88' lang='lat' dir='ltr'>hostem</span> <span class='ocrx_word' id='word_1_158' title='bbox 1647 3559 1968 3659; x_wconf 87' lang='lat' dir='ltr'>persequi</span> <span class='ocrx_word' id='word_1_159' title='bbox 2004 3559 2326 3636; x_wconf 88' lang='lat' dir='ltr'>intende·</span> 
     </span>
     <span class='ocr_line' id='line_1_25' title="bbox 332 3678 2325 3786; baseline -0.002 -28"><span class='ocrx_word' id='word_1_160' title='bbox 332 3705 528 3758; x_wconf 89' lang='lat' dir='ltr'>runt.</span> <span class='ocrx_word' id='word_1_161' title='bbox 634 3680 896 3786; x_wconf 76' lang='lat' dir='ltr'>Medio</span> <span class='ocrx_word' id='word_1_162' title='bbox 930 3681 1073 3755; x_wconf 89' lang='lat' dir='ltr'>fere</span> <span class='ocrx_word' id='word_1_163' title='bbox 1106 3678 1179 3754; x_wconf 83' lang='lat' dir='ltr'>in</span> <span class='ocrx_word' id='word_1_164' title='bbox 1208 3678 1411 3756; x_wconf 91' lang='lat' dir='ltr'>cursu</span> <span class='ocrx_word' id='word_1_165' title='bbox 1448 3679 1704 3755; x_wconf 87' lang='lat' dir='ltr'>obviae</span> <span class='ocrx_word' id='word_1_166' title='bbox 1735 3679 1930 3756; x_wconf 86' lang='lat' dir='ltr'>fuere</span> <span class='ocrx_word' id='word_1_167' title='bbox 1979 3679 2065 3755; x_wconf 89' lang='lat' dir='ltr'>iis</span> <span class='ocrx_word' id='word_1_168' title='bbox 2113 3681 2325 3778; x_wconf 85' lang='lat' dir='ltr'>quin-</span> 
     </span>
     <span class='ocr_line' id='line_1_26' title="bbox 336 3799 2324 3903; baseline -0.001 -27"><span class='ocrx_word' id='word_1_169' title='bbox 336 3829 485 3903; x_wconf 90' lang='lat' dir='ltr'>que</span> <span class='ocrx_word' id='word_1_170' title='bbox 521 3802 599 3875; x_wconf 84' lang='lat'>&amp;</span> <span class='ocrx_word' id='word_1_171' title='bbox 632 3799 889 3900; x_wconf 83' lang='lat' dir='ltr'>viginti</span> <span class='ocrx_word' id='word_1_172' title='bbox 926 3803 1146 3874; x_wconf 65' lang='lat' dir='ltr'>tectae</span> <span class='ocrx_word' id='word_1_173' title='bbox 1187 3799 1520 3875; x_wconf 89' lang='lat' dir='ltr'>Rhodiae</span> <span class='ocrx_word' id='word_1_174' title='bbox 1571 3827 1804 3889; x_wconf 88' lang='lat' dir='ltr'>naves,</span> <span class='ocrx_word' id='word_1_175' title='bbox 1860 3826 2026 3875; x_wconf 91' lang='lat' dir='ltr'>cum</span> <span class='ocrx_word' id='word_1_176' title='bbox 2061 3799 2324 3875; x_wconf 85' lang='lat' dir='ltr'>Paufis-</span> 
     </span>
     <span class='ocr_line' id='line_1_27' title="bbox 338 3905 2324 4020; baseline -0.002 -22"><span class='ocrx_word' id='word_1_177' title='bbox 338 3905 933 4020; x_wconf 60' lang='lat' dir='ltr'>trato&#39;praefecto</span> <span class='ocrx_word' id='word_1_178' title='bbox 992 3923 1231 3996; x_wconf 89' lang='lat' dir='ltr'>claffis.</span> <span class='ocrx_word' id='word_1_179' title='bbox 1344 3920 1439 3994; x_wconf 87' lang='lat' dir='ltr'>Iis</span> <span class='ocrx_word' id='word_1_180' title='bbox 1505 3920 1881 4017; x_wconf 64' lang='lat' dir='ltr'>adjunctiS,</span> <span class='ocrx_word' id='word_1_181' title='bbox 1957 3919 2324 4017; x_wconf 90' lang='lat' dir='ltr'>Ephesum</span> 
     </span>
     <span class='ocr_line' id='line_1_28' title="bbox 344 4039 2329 4141; baseline -0.002 -22"><span class='ocrx_word' id='word_1_182' title='bbox 344 4044 625 4118; x_wconf 87' lang='lat' dir='ltr'>hostem</span> <span class='ocrx_word' id='word_1_183' title='bbox 659 4041 1032 4141; x_wconf 88' lang='lat' dir='ltr'>persecuti,</span> <span class='ocrx_word' id='word_1_184' title='bbox 1062 4063 1223 4116; x_wconf 89' lang='lat' dir='ltr'>ante</span> <span class='ocrx_word' id='word_1_185' title='bbox 1259 4039 1521 4117; x_wconf 86' lang='lat' dir='ltr'>ostium</span> <span class='ocrx_word' id='word_1_186' title='bbox 1543 4062 1786 4138; x_wconf 90' lang='lat' dir='ltr'>portus</span> <span class='ocrx_word' id='word_1_187' title='bbox 1813 4040 1964 4114; x_wconf 90' lang='lat' dir='ltr'>acie</span> <span class='ocrx_word' id='word_1_188' title='bbox 1994 4039 2329 4115; x_wconf 56' lang='lat' dir='ltr'>instructa</span> 
     </span>
     <span class='ocr_line' id='line_1_29' title="bbox 343 4158 2325 4262; baseline -0.004 -22"><span class='ocrx_word' id='word_1_189' title='bbox 343 4163 709 4240; x_wconf 88' lang='lat' dir='ltr'>steterunt.</span> <span class='ocrx_word' id='word_1_190' title='bbox 811 4162 1201 4262; x_wconf 89' lang='lat' dir='ltr'>Postquam</span> <span class='ocrx_word' id='word_1_191' title='bbox 1236 4159 1738 4236; x_wconf 87' lang='lat' dir='ltr'>conseffionem</span> <span class='ocrx_word' id='word_1_192' title='bbox 1778 4158 1984 4236; x_wconf 62' lang='lat' dir='ltr'>vietis</span> <span class='ocrx_word' id='word_1_193' title='bbox 2016 4158 2172 4234; x_wconf 89' lang='lat' dir='ltr'>satis</span> <span class='ocrx_word' id='word_1_194' title='bbox 2206 4186 2325 4234; x_wconf 86' lang='lat' dir='ltr'>ex·</span> 
     </span>
    </p>
   </div>
   <div class='ocr_carea' id='block_1_3' title="bbox 1355 4304 1416 4377">
    <p class='ocr_par' dir='ltr' id='par_1_4' title="bbox 1355 4304 1416 4377">
     <span class='ocr_line' id='line_1_30' title="bbox 1355 4304 1416 4377; baseline 0 0"><span class='ocrx_word' id='word_1_195' title='bbox 1355 4304 1416 4377; x_wconf 89' lang='lat' dir='ltr'><strong>F</strong></span> 
     </span>
    </p>
   </div>
   <div class='ocr_carea' id='block_1_4' title="bbox 3031 0 3077 166">
    <p class='ocr_par' dir='ltr' id='par_1_5' title="bbox 3031 0 3077 166">
     <span class='ocr_line' id='line_1_31' title="bbox 3031 0 3077 166; textangle 90"><span class='ocrx_word' id='word_1_196' title='bbox 3075 157 3077 166; x_wconf 82' lang='grc'><em>,</em></span> <span class='ocrx_word' id='word_1_197' title='bbox 3031 0 3077 126; x_wconf 18' lang='grc' dir='ltr'>,Ᾰ-Δ</span> 
     </span>
    </p>
   </div>
  </div>
 </body>
</html>
