3100 5359
880 694 954 798 L
1005 748 1035 798 1
1094 749 1136 797 n
1195 748 1240 797 n
1295 746 1344 797 R
1448 722 1811 799 XXXIX.
2158 750 2300 828 275

301 898 564 994 jocum
607 894 1012 973 adolescens
1063 918 1252 973 vetat
1293 924 1452 973 eam
1485 896 1750 985 mirari,
1780 896 1831 969 fi
1864 923 1993 996 per
2024 896 2300 998 aliquot

311 1019 562 1093 noctes
594 1013 1036 1093 secubuiffet.
1138 1027 1188 1061 ‘⁸
1228 1017 1632 1117 Religionis
1657 1017 1726 1092 se
1750 1020 2005 1106 cauffa,
2060 1040 2141 1091 ut
2173 1046 2299 1093 vo·

317 1148 368 1183 ‘⁶
395 1158 480 1213 to
525 1162 656 1235 pro
705 1136 1112 1213 valetudine
1166 1136 1286 1211 sua
1339 1138 1526 1216 faeto
1579 1138 1941 1225 liberetur,
2004 1139 2299 1213 Bacchis

316 1269 368 1302 “
407 1256 673 1333 initiari
719 1258 974 1331 velle.'’
1071 1259 1156 1331 Id
1213 1258 1342 1334 ubi
1389 1258 1651 1333 mulier
1688 1258 1993 1347 audivit,
2029 1282 2299 1358 pertur-

314 1382 510 1468 bata,
543 1389 596 1422 ‘⁶
631 1377 766 1455 Dii
817 1378 1112 1453 meliora
1139 1382 1205 1453 !'’
1267 1378 1548 1477 inquit:
1625 1390 1676 1423 “
1712 1378 1895 1455 mori
1949 1384 2018 1454 &
2066 1380 2302 1455 fibi&

313 1509 366 1571 .“
405 1497 516 1573 illi
546 1495 758 1574 satius
783 1500 944 1586 effe,
981 1524 1198 1599 quam
1227 1498 1314 1573 id
1347 1499 1604 1600 faceret
1623 1536 1643 1585 ς
1700 1506 1769 1575 &
1802 1499 1879 1573 in
1911 1522 2129 1600 caput
2172 1528 2297 1575 eo-

315 1629 368 1665 “
403 1645 572 1695 rum
627 1618 952 1695 detestari
977 1617 1208 1693 minas
1257 1618 1746 1719 periculaque,
1781 1619 1910 1718 qui
1945 1621 2025 1695 id
2070 1620 2300 1697 suafis·

315 1750 366 1784 “
405 1738 630 1814 sent.”
727 1738 1145 1813 Admiratus
1179 1765 1412 1838 quum
1457 1742 1694 1829 verba,
1737 1762 1893 1833 tum
1936 1744 2303 1841 perturba-

309 1859 590 1935 tionem
619 1879 888 1934 tantam
920 1858 1346 1948 adolescenS,
1403 1870 1453 1903 ‘⁶
1491 1863 1786 1935 Parcere¹
1809 1860 2301 1937 exsecrationi-

315 1991 365 2027 “
401 1982 588 2055 bus”
622 1981 856 2077 jubet.
959 1990 1010 2023 “
1049 1982 1364 2053 Matrem
1400 1978 1477 2052 id
1515 1979 1666 2067 fibi,
1715 1978 2146 2054 adsentiente
2194 1979 2323 2053 vi·-

315 2112 368 2145 “
409 2099 621 2189 trien,
641 2098 1030 2197 imperass'e'.
1103 2098 1416 2173 Vitricus
1450 2102 1695 2198 erg0‚”
1745 2098 2009 2197 inquit,
2042 2110 2093 2144 “
2130 2121 2299 2175 tuus

317 2232 366 2265 “
409 2227 750 2321 (matrem
803 2219 998 2295 enim
1050 2218 1448 2295 infimulare
1503 2218 1779 2293 forfitan
1834 2218 1936 2294 fas
1994 2247 2139 2294 non
2185 2221 2293 2315 fit)

315 2352 368 2387 “
401 2339 864 2441 pudicitiam,
916 2339 1210 2428 famam,
1257 2338 1480 2437 spem,
1508 2340 1876 2439 vitamque
1910 2362 2109 2416 tuam
2145 2368 2300 2441 per-

314 2473 370 2507 “
405 2461 654 2537 ditum
706 2459 808 2536 ire
855 2463 995 2535 hoc
1035 2458 1220 2534 faCto
1264 2463 1658 2559 properat.”
1758 2464 1871 2536 Eo
1905 2462 2131 2563 magis
2166 2462 2299 2537 mi-

315 2583 678 2669 rabundo,
735 2579 1252 2679 quaerentique
1297 2580 1479 2678 quid
1513 2580 1613 2657 rei
1648 2580 1840 2671 esset,
1894 2582 2148 2681 pacem
2180 2607 2298 2659 ve-

314 2703 666 2801 niamque
702 2724 980 2801 precata
1017 2703 1340 2777 Deorum
1378 2703 1868 2799 Dearumque,
1924 2708 1997 2791 fi,
2062 2708 2304 2781 coacta

315 2822 608 2899 caritate
653 2824 830 2918 ejm,
885 2822 1146 2895 filenda
1179 2819 1635 2909 enunciaffet,
1706 2832 1758 2866 “
1794 2824 2121 2899 ancillam
2160 2824 2299 2914 se,”

317 2950 448 3032 a'it,
514 2954 566 2986 “
604 2942 943 3017 dominae
1016 2939 1360 3016 comitem
1411 2938 1492 3015 id
1561 2940 1935 3018 sacrarium
1995 2944 2297 3035 intrafl'e,

316 3074 368 3107 “
403 3063 706 3138 liberam
734 3086 1133 3158 numquam
1157 3086 1241 3135 eo
1267 3062 1627 3135 accefliss'e.
1727 3062 1915 3137 Scire
1938 3087 2298 3163 corrupte-

318 3195 371 3229 ‘⁶
409 3186 644 3257 larum
679 3180 912 3257 omnis
945 3180 1220 3281 generis
1252 3207 1412 3255 eam
1431 3181 1792 3257 officinam
1827 3186 2001 3258 effe:
2057 3166 2125 3259 δέ
2147 3186 2299 3281 jam

316 3316 371 3351 “
410 3302 710 3380 biennio
777 3302 1091 3398 constare
1157 3299 1519 3377 neminem
1586 3302 1947 3379 initiatum
2002 3304 2105 3379 ibi
2154 3332 2301 3380 ma-

317 3434 371 3469 “
395 3425 636 3521 jorem
687 3422 892 3497 annis
942 3420 1224 3521 viginti.
1325 3424 1435 3497 Ut
1495 3422 1799 3523 quisque
1858 3424 2305 3501 introductus

316 3555 371 3589 “
411 3546 524 3633 fit,
558 3545 758 3618 velut
787 3542 1154 3619 victimam
1189 3541 1368 3615 tradi
1397 3541 1895 3619 sacerdotibus·
1998 3549 2143 3621 Eos
2178 3548 2302 3621 de-

319 3674 374 3711 “
411 3666 679 3739 ducere
715 3662 814 3743 ,in
859 3666 1129 3749 locum,
1185 3661 1314 3761 qui
1361 3662 1833 3738 circumsonet
1886 3666 2301 3757 ululatibus»,

323 3796 376 3829 ‘⁶
413 3807 777 3884 cantuque
810 3780 1297 3882 symphoniae,
1352 3786 1425 3855 &
1461 3786 1955 3880 cymbalorum
2006 3790 2075 3860 &
2126 3806 2312 3885 tym-

322 3916 374 3949 “
411 3930 767 4003 panorum
813 3902 1053 4002 pulsu,
1114 3928 1204 3977 ne
1255 3928 1400 3977 vox
1447 3901 1874 4000 quiritantiS,
1914 3931 2149 4003 quum
2184 3933 2312 4006 per

327 4035 382 4071 “
419 4024 570 4100 vim
607 4024 933 4123 stuprum
965 4022 1330 4111 inferatur,
1367 4022 1691 4097 exaudiri
1713 4028 1991 4121 poffit.”
2091 4030 2314 4102 Orare

326 4144 602 4223 deinde
655 4166 873 4245 atque
927 4142 1310 4233 obsecrare,
1370 4163 1454 4219 ut
1481 4170 1637 4219 eam
1660 4168 1811 4221 rem
1844 4172 2314 4245 quocumque
