3100 5359
733 749 885 822 404
1403 720 2037 796 T.L1vt1

739 921 874 972 nos
901 894 1192 982 vellent,
1243 891 1649 982 edixerunt,
1698 891 2009 992 Ligures
2040 893 2135 968 ab
2168 891 2421 967 Anido
2454 889 2721 966 monti-

747 1021 888 1096 bus
929 1013 1350 1092 descendere
1400 1038 1573 1090 cum
1626 1012 1863 1088 liberis
1915 1010 2529 1114 conjugibusque·
2598 1009 2725 1084 flia

741 1135 987 1213 omnia
1019 1135 1258 1212 secum
1291 1153 1669 1234 portarent.
1763 1131 2101 1234 Ligures,
2150 1131 2349 1232 saepe
2378 1157 2503 1232 per
2528 1132 2723 1230 Ιεει·

743 1277 854 1332 tos
903 1253 1286 1356 deprecati,
1341 1279 1430 1328 ne
1479 1275 1791 1388 penates,
1841 1253 2107 1342 sedem,
2156 1251 2235 1328 in
2300 1277 2447 1352 qua
2496 1249 2725 1352 geniti

743 1378 986 1465 effent,
1037 1373 1350 1473 sepulcra
1383 1374 1763 1470 majorum,
1816 1395 2245 1474 cogerentur
2290 1371 2725 1472 relinquere,

739 1521 960 1586 arma,
1011 1495 1284 1572 obfides
1315 1493 1857 1592 pollicebantur.
1956 1493 2346 1595 Postquam
2378 1490 2609 1568 nihil
2588 1517 2729 1568 im-

743 1619 1142 1718 petrabant,
1169 1639 1408 1712 neque
1439 1614 1621 1690 vires
1642 1615 1737 1690 ad
1768 1615 2181 1690 bellandum
2214 1633 2437 1702 erant,
2485 1612 2731 1688 edicto

741 1757 1155 1840 paruerunt.
1253 1735 1603 1810 Traducti
1638 1733 1797 1811 sunt
1820 1733 2119 1836 publico
2150 1733 2387 1810 sumtu
2424 1734 2517 1808 ad
2552 1757 2731 1832 qua-

745 1857 1074 1960 draginta
1115 1853 1342 1932 millia
1401 1855 1793 1932 liberorum
1844 1853 2163 1954 capitum
2210 1878 2383 1930 curn
2439 1851 2729 1928 feminis

745 1977 1152 2080 puerisques
1251 1975 1557 2076 Argenti
1610 1977 1779 2052 data
1804 1998 2097 2052 centum
2130 1974 2207 2048 δι
2242 1973 2727 2076 quinquagin-

747 2120 821 2176 ta
869 2097 1120 2186 millia,
1185 2097 1412 2186 unde,
1485 2096 1565 2174 in
1630 2121 1848 2172 novas
1906 2097 2141 2184 aedes,
2216 2113 2731 2194 compararent,

751 2243 937 2320 quae
993 2242 1176 2320 opus
1235 2217 1478 2292 effent.
1610 2220 1814 2316 Agro
1878 2215 2277 2292 dividendo
2342 2216 2731 2314 dandoque

749 2339 998 2428 iidem,
1079 2336 1212 2438 qui
1291 2339 1770 2425 traduxerant,
1850 2336 2227 2412 Cornelius
2290 2340 2361 2412 ὅτ
2430 2334 2735 2410 Baebius

751 2457 1141 2560 praepofiti.
1241 2455 1769 2532 Postulantibus
1832 2477 2069 2532 tamen
2124 2455 2308 2555 ipfis,
2370 2455 2735 2556 quinque—

745 2579 884 2655 viri
943 2583 1034 2656 ab
1073 2577 1310 2652 senatu
1359 2576 1536 2664 dati,
1588 2600 1901 2676 quorum
1937 2601 2033 2651 ex
2083 2575 2373 2652 confilio
2420 2595 2735 2676 agerent.

753 2696 1132 2775 Transaeta
1173 2721 1274 2785 re,
1333 2721 1571 2793 quum
1612 2717 1919 2772 veterem
1968 2695 2365 2772 exercitum
2412 2697 2737 2770 Romam

753 2817 1232 2907 deduxissent,
1257 2815 1663 2916 triumphus
1684 2819 1781 2894 ab
1813 2815 2053 2892 senatu
2078 2815 2179 2891 est
2210 2818 2555 2894 decretus.
2618 2813 2735 2890 Hi

755 2937 1088 3014 omnium
1141 2936 1356 3036 primi
1403 2937 1605 3012 nullo
1673 2939 1862 3012 bello
1918 2935 2116 3036 gesto
2176 2936 2737 3034 triumpharunt.

757 3061 1083 3134 Tantum
1147 3057 1378 3132 hostes
1440 3054 1647 3132 duc'ti
1704 3077 1867 3132 ante
1920 3078 2215 3132 currum
2236 3087 2258 3130 t
2334 3055 2531 3156 quia,
2598 3083 2739 3132 nec

757 3178 944 3278 quid
977 3177 1294 3265 ferretur,
1343 3200 1581 3274 neque
1616 3175 1799 3275 quid
1830 3176 2215 3252 duceretur
2240 3197 2559 3276 captum,
2612 3203 2739 3252 ne-

749 3323 896 3396 que
941 3297 1126 3398 quid
1179 3295 1528 3372 militibus
1576 3296 1888 3385 daretur,
1938 3294 2341 3396 quidquam
2377 3295 2451 3372 in
2484 3295 2739 3376 trium—

755 3417 917 3518 phis
949 3443 1200 3493 eorum
1231 3417 1480 3494 fuerat.

859 3537 1218 3614 xxxlx.
1319 3539 1603 3613 Eodem
1646 3563 1837 3612 anno
1896 3537 1977 3614 in
2032 3535 2385 3638 Hispania
2438 3539 2501 3612 F
2504 3537 2740 3614 ulvius

764 3659 1066 3734 Flaccus
1101 3656 1507 3756 proconsul,
1561 3656 1733 3757 quia
1781 3656 2127 3734 succeffor
2168 3657 2245 3734 in
2296 3658 2749 3758 provinciam·

761 3775 1030 3852 tardius
1091 3776 1444 3866 veniebat,
1528 3777 1792 3852 educto
1851 3775 2167 3853 exercitu
2234 3804 2333 3854 ex·
2392 3779 2738 3870 hibernis,

759 3895 1170 3972 ulteriorem
1223 3895 1645 3974 Celtiberiae
1702 3922 1983 3996 agrum,
2034 3899 2228 3974 unde
2280 3901 2373 3974 ad
2424 3899 2737 3976 deditio-

763 4043 932 4094 nem
965 4043 1112 4092 non
1141 4039 1503 4106 venerant,
1554 4015 1809 4092 institit
1839 4017 2123 4093 vastare.
2222 4023 2391 4121 Qua
2416 4045 2487 4095 re
2514 4020 2740 4096 irrita-

765 4137 870 4213 vit
901 4137 1156 4238 magis,
1207 4162 1426 4236 quam
1459 4135 1876 4228 conterruit,
1922 4137 2201 4214 animos
2231 4141 2690 4217 barbarorum
2716 4173 2737 4214 ε
