3100 5359
895 611 970 696 L
1022 635 1052 692 ι
1110 635 1152 684 a
1209 635 1254 684 n
1309 633 1358 686 R
1457 609 1888 688 XXXVIII.
2244 619 2376 716 183

409 787 568 874 der,
627 810 728 862 ex
793 811 954 862 aree
996 784 1272 863 summa
1327 789 1795 864 Celaenarum
1848 807 2069 880 ortus,
2138 789 2381 868 media

409 910 591 985 urbe
615 907 1026 995 decurrens,
1092 933 1214 1006 per
1241 910 1450 984 Caras
1483 909 1837 1006 primum,
1858 909 2121 984 deinde
2138 911 2372 1002 IonaS,

407 1027 487 1102 in
513 1031 751 1102 finum
777 1025 990 1102 mariz
1011 1026 1276 1116 editur,
1339 1027 1470 1126 qui
1505 1028 1689 1104 inter
1716 1028 2017 1108 Prienen
2052 1034 2123 1105 ὅτ
2158 1031 2378 1106 Mile-

407 1169 568 1224 tum
591 1147 720 1222 est.
819 1149 946 1222 Ad
974 1146 1438 1224 Antiochiam
1461 1147 1542 1222 in
1568 1148 2108 1226 castraconsulis
2140 1153 2379 1226 Seleu-

407 1291 567 1356 cus,
613 1255 962 1344 Antiochi
987 1266 1206 1355 filius,
1241 1293 1332 1342 ex
1357 1265 1641 1362 foedere
1662 1268 1807 1348 ἰόὶο
1826 1295 1997 1346 cum
2010 1270 2377 1369 Scipione,

405 1390 502 1462 ad
557 1387 1006 1463 &amentum
1070 1385 1416 1462 exercitui
1467 1388 1795 1464 dandum
1840 1390 2060 1466 venit.
2158 1394 2379 1466 Parva

407 1505 826 1606 disceptatio
870 1509 962 1583 de
1007 1507 1233 1582 Attali
1265 1505 1729 1583 auxiliaribus
1760 1530 1913 1586 orta
1954 1510 2094 1598 est3
2144 1511 2376 1608 quod,

409 1631 751 1704 Romano
801 1648 1084 1702 tantum
1124 1627 1366 1717 militi,
1412 1631 1701 1726 pactum
1748 1629 2228 1721 Antiochum,
2292 1650 2381 1706 ut

409 1751 693 1825 daretur
727 1749 1198 1836 frumentum,
1259 1750 1597 1824 Seleucus
1636 1748 1947 1826 dicebat.
2059 1749 2381 1826 Discuffa

409 1897 492 1944 ea
521 1893 818 1970 quoque
849 1869 954 1945 est
985 1868 1372 1944 constantia
1403 1867 1733 1958 consulis,
1784 1870 1913 1969 qui
1946 1869 2233 1947 dimiffo
2250 1871 2377 1946 tri-

411 1993 612 2066 buno
641 1989 893 2079 edixit,
925 2015 1014 2064 ne
1050 1987 1364 2064 Romani
1397 1987 1659 2064 milites
1678 1981 2102 2087 acciperent,
2153 1988 2377 2087 prius-

409 2137 631 2210 quam
665 2109 892 2184 Attali
937 2107 1203 2190 aux-ilia
1231 2107 1675 2208 accepissent.
1774 2109 1955 2184 Inde
1997 2111 2091 2184 ad
2119 2110 2381 2186 Gordi-

407 2231 720 2320 utichos„
767 2231 968 2330 quod
999 2249 1284 2318 vocant,
1319 2230 1715 2326 procefl'um
1734 2227 1858 2303 est.
1956 2232 2077 2304 Ex
2100 2254 2191 2304 eo
2210 2231 2379 2306 loco

409 2353 500 2424 ad
549 2353 790 2425 Tabas
841 2348 1064 2424 tertiis
1119 2347 1355 2423 castris
1405 2343 1853 2446 perventum.
1950 2347 2041 2423 In
2104 2348 2377 2426 finibus

407 2471 802 2547 Pisidarum
833 2471 1050 2568 posita
1079 2468 1180 2542 est
1211 2471 1408 2554 urbs,
1444 2465 1518 2540 in
1554 2494 1637 2542 ea
1666 2489 1886 2566 parte,
1938 2493 2121 2566 quae
2150 2469 2380 2569 vergit

409 2592 500 2666 ad
545 2587 1056 2688 Pamphylium
1101 2611 1312 2662 mare.
1412 2586 1713 2687 Integris
1763 2587 2033 2666 viribus
2069 2588 2377 2688 regionis

411 2711 585 2807 ejus,
635 2707 904 2784 feroces
947 2710 1041 2783 ad
1079 2709 1494 2783 bellandum
1525 2709 1835 2783 habebat
1862 2707 2073 2784 viros.
2172 2711 2378 2786 Tum

411 2855 703 2929 quoque
751 2827 1052 2929 equites,
1101 2827 1178 2901 in
1223 2853 1486 2926 agmen
1536 2829 1953 2902 Romanum
2004 2829 2378 2928 eruptione

411 2950 617 3038 faeta,
668 2951 866 3024 haud
914 2948 1201 3024 modice
1247 2945 1482 3046 primo
1515 2945 1763 3044 inpetu
1798 2951 2199 3025 turbavere:
2250 2952 2375 3026 de-

406 3069 606 3159 inde,
643 3091 726 3144 ut
755 3068 1104 3168 adparuit,
1149 3093 1282 3144 nec
1312 3066 1741 3156 numerose,
1794 3094 1927 3142 nec
1958 3069 2219 3145 virtute
2252 3096 2374 3168 pa-

409 3217 516 3265 res
547 3193 710 3279 effe,
765 3190 842 3264 in
875 3193 1130 3265 urbem
1159 3188 1529 3287 compulfi,
1593 3186 1877 3264 veniam
1906 3188 2151 3264 erroris
2184 3213 2377 3287 pete-

407 3313 606 3401 bant,
663 3311 926 3386 dedere
981 3309 1236 3407 urbem
1279 3308 1526 3407 parati.
1625 3306 1981 3409 Qinque
2014 3312 2085 3384 δε
2116 3306 2377 3408 viginti

401 3433 668 3505 -talenta
691 3421 988 3530 argenti,
1035 3429 1112 3501 δε
1143 3430 1395 3504 decem
1423 3428 1650 3503 millia
1676 3427 2131 3505 medimnum
2158 3427 2375 3504 tritici

407 3551 765 3651 imperata.
861 3551 970 3625 Ita
995 3549 1072 3623 in
1105 3548 1546 3624 deditionem
1578 3547 1878 3645 accepti.

503 3673 707 3746 XIV.
806 3670 1058 3746 Tertio
1105 3669 1275 3744 inde
1311 3667 1429 3743 die
1460 3669 1552 3743 ad
1580 3670 1871 3744 Chaum
1902 3693 2189 3744 amnem
2220 3693 2377 3766 per·

409 3813 740 3868 ventum:
795 3790 964 3865 inde
1005 3789 1303 3889 profeffi
1353 3787 1642 3863 Erizam
1688 3792 1941 3864 urbem
1986 3787 2222 3886 primo
2268 3787 2376 3862 in-

409 3933 574 4013 petu
629 3932 994 4010 ceperunt.
1095 3910 1222 3985 Ad
1271 3911 1687 3984 Thabusion
1720 3908 2114 3997 castellum,
2164 3909 2378 3985 inmi-

411 4057 580 4110 nens
607 4029 898 4108 flumini
935 4031 1143 4120 Ind0‚
1165 4051 1464 4106 ventum
1489 4029 1636 4119 est,
1672 4029 1794 4108 cui
1812 4030 2071 4107 fecerat
2104 4055 2375 4108 nomen

1236 4173 1478 4270 'Ns
