3100 5359
869 866 965 941 T.
1013 864 1314 940 LIVII
1374 866 1953 941 PATAVINI

557 1100 2221 1221 HISTORIARUM

705 1392 878 1471 AB
953 1394 1336 1473 URBE
1411 1392 2099 1473 CONDITA

1035 1676 1709 1775 LIBRI.

937 2136 1408 2197 EPITOME
1467 2138 1751 2199 LIBRI
1804 2138 1936 2199 XL.

429 2312 769 2523 QUUM
803 2422 1196 2533 Philippus
1218 2420 1462 2504 liberos
1489 2452 1757 2519 eorum,
1800 2450 1970 2533 quos
2004 2418 2387 2513 occiderat,

429 2554 765 2665 conquiri
816 2551 1067 2661 obfides
1095 2552 1418 2664 juffi'ffit,
1482 2550 1884 2650 Theoxena,
1943 2570 2087 2662 pro
2149 2552 2392 2633 liberis

395 2686 570 2794 suis
594 2685 966 2797 &sororis
992 2684 1364 2769 admodum
1376 2690 1627 2795 pueris
1649 2687 1896 2768 verita
1922 2690 2115 2797 regis
2141 2684 2387 2769 libidi-

433 2848 620 2917 nem,
667 2819 986 2929 prolatis
1043 2820 1126 2899 in
1183 2818 1483 2900 medium
1520 2819 1790 2927 gladiis
1846 2821 1933 2900 &5
1968 2820 2249 2929 poculo,
2307 2820 2389 2899 in

429 2978 566 3061 quo
589 2970 754 3033 erat
778 2978 1154 3046 venenum,
1163 2950 1412 3063 suasit
1442 2952 1559 3047 iis,
1594 2970 1679 3031 ut
1698 2951 2045 3032 inminens
2072 2950 2387 3032 ludibri-

427 3112 552 3165 um
603 3102 828 3165 morte
889 3082 1286 3192 effugerent
1309 3116 1339 3162 .·
1399 3083 1593 3194 quod
1638 3112 1858 3194 quum
1916 3081 2387 3193 perfflafiſjet‚

429 3209 588 3325 ipsa
612 3220 707 3327 st
741 3244 902 3297 cum
936 3214 1103 3296 viro
1138 3245 1176 3295 e
1210 3216 1402 3297 navi
1449 3217 1532 3296 in
1591 3246 1790 3299 mare
1824 3213 2385 3324 praecipitavit.

432 3346 857 3429 Certamina
891 3348 1084 3430 inter
1119 3347 1453 3457 Philippi
1475 3345 1949 3429 Macedoniae
1988 3346 2184 3453 regis
2208 3344 2391 3426 libe-

426 3508 548 3559 ros
604 3481 874 3588 Persen
933 3481 1022 3559 &
1088 3481 1549 3561 Demetrium
1605 3482 2092 3585 referuntur.-
2152 3478 2240 3557 &
2305 3492 2393 3557 ut

396 3610 694 3721 fraude
695 3610 998 3717 fratris
1004 3612 1148 3720 sui
1167 3610 1596 3694 Demetrius
1630 3610 1941 3717 corfichs
1977 3607 2392 3691 criminibus

425 3742 624 3823 inter
686 3771 868 3853 quae
929 3744 1372 3853 accusatione
1434 3742 1829 3856 parricidii
1886 3744 1973 3823 &²
2044 3739 2402 3846 adfec't'att‘

421 3874 661 3983 regni,
672 3875 994 3984 primum
1017 3875 1326 3985 petitus,
1365 3872 1470 3957 ad
1505 3875 1857 3970 ultimum,
1896 3873 2221 3985 quoniam
2243 3890 2389 3981 po-

409 4007 589 4115 puli
630 4006 947 4090 Romani
998 4007 1274 4089 amicus
1320 4024 1512 4101 erat,
1579 4036 1721 4088 ven
1729 4036 1853 4088 eno
1897 4022 2187 4087 necatus
2240 4003 2331 4110 est
2354 4042 2383 4099 3

425 4166 860 4251 regnumque
901 4138 1372 4223 Macedoniae
1396 4156 1678 4221 mortuo
1723 4138 2063 4247 Philippo
2086 4134 2193 4217 ad
2206 4137 2390 4217 Per-
