3100 5359
822 722 963 820 366
1454 722 2078 800 T.L1v11

816 902 867 939 ‘⁶
902 890 1211 993 reliquae
1242 894 1562 968 habeam.
1659 894 2276 983 Circumventum,
2329 894 2640 987 solum,'
2619 924 2780 971 ino-

816 1024 867 1057 “
904 1039 1091 1112 pem,
1126 1012 1395 1089 invidia
1420 1013 1677 1115 gratiae
1705 1037 2057 1102 externae,
2093 1040 2276 1113 quae
2293 1016 2490 1091 obest
2509 1017 2778 1115 potiuS,

818 1144 869 1179 “
906 1160 1125 1233 quam
1176 1134 1481 1233 prodest,
1530 1157 1794 1209 onerat.
1891 1138 2056 1229 Jam
2101 1136 2283 1210 illud
2315 1162 2532 1233 quam
2565 1163 2780 1212 accu-

816 1266 869 1299 “
904 1254 1174 1342 satorie,
1224 1256 1427 1352 quod
1472 1254 1698 1331 nostis
1749 1256 1958 1353 hujus
1993 1254 2262 1334 crimen
2293 1254 2578 1331 miscuit
2603 1282 2774 1332 cum

815 1386 867 1419 ·‘
902 1396 1129 1449 cetera
1146 1372 1598 1451 mseetanone
1627 1374 1813 1451 vitae
1833 1378 2083 1451 meae?
2133 1398 2220 1451 ut
2251 1381 2320 1451 &
2351 1379 2521 1464 hoc,
2569 1380 2778 1473 quod

815 1506 866 1540 “
889 1494 1070 1591 jam,
1120 1495 1327 1594 quale
1378 1499 1482 1583 fit,
1533 1494 1728 1584 scies,
1775 1495 2170 1597 suspectum
2213 1498 2354 1571 alio
2395 1494 2582 1571 vitae
2619 1496 2778 1572 nos-

814 1626 867 1662 “
902 1637 1047 1691 trae
1080 1636 1319 1691 tenore
1346 1613 1643 1691 faceret:
1697 1620 1766 1691 &
1809 1616 2004 1691 illam
2039 1644 2293 1693 vanam
2339 1618 2774 1695 criminatio-

813 1747 865 1783 “
903 1762 1068 1813 nem
1104 1734 1274 1836 spei,
1320 1736 1727 1824 voluntatiS,
1777 1737 2226 1814 confiliorum
2251 1766 2580 1815 meorum
2605 1766 2773 1817 noc-

813 1868 864 1902 “
900 1877 1113 1933 turno
1144 1859 1285 1932 hoc
1318 1858 1487 1932 ficio
1520 1861 1588 1933 δε
1622 1860 1926 1956 compos
1931 1880 2006 1932 to
2032 1883 2450 1959 argumento
2471 1861 2771 1937 fulciret.

814 1988 869 2023 ‘⁸
901 1977 1222 2053 Simul&
1249 1976 1429 2053 illud
1462 1977 1822 2075 quaefivit,
1873 1999 1958 2052 ut
1977 1979 2338 2078 repentina
2371 1984 2438 2055 δι
2475 1982 2768 2057 minime

812 2108 865 2144 ‘⁸
898 2119 1294 2197 praeparata
1316 2097 1664 2173 accusatio
1691 2098 2072 2188 videretur,
2123 2100 2392 2201 quippe
2419 2129 2514 2177 ex
2547 2102 2768 2177 noffis

811 2232 865 2265 “
900 2220 1113 2317 hujus
1144 2240 1339 2295 metu
1370 2223 1435 2293 δι
1464 2220 1778 2293 tumultu
1809 2218 2178 2317 repentino
2208 2242 2472 2299 exorta.
2541 2226 2768 2322 Opor-

809 2353 861 2386 ⁴‘
898 2340 1039 2417 tuit
1060 2364 1325 2427 autem,
1377 2337 1660 2427 Persen,
1709 2342 1755 2413 fi
1788 2339 2112 2439 proditor
2129 2366 2266 2441 ego
2288 2342 2506 2440 patris
2540 2344 2768 2443 regni-

812 2474 865 2509 ⁸‘
898 2487 1041 2562 que
1082 2488 1300 2551 eram,
1354 2463 1397 2535 fi
1431 2485 1601 2535 cum
1636 2459 2012 2549 Romanis,
2061 2460 2112 2531 ss
2146 2487 2316 2537 curn
2345 2461 2503 2537 aliis
2532 2462 2769 2539 inimi-

809 2593 860 2628 “
895 2582 997 2659 cis
1058 2581 1271 2681 patris
1336 2580 1626 2655 inieram
1695 2579 2000 2668 confilia,
2081 2602 2228 2655 non
2295 2582 2768 2681 exspectatam

811 2713 862 2747 0‘
898 2700 1211 2778 fabulam
1260 2700 1489 2775 noetis
1529 2699 1740 2797 hujus
1769 2702 1929 2788 effe,
1979 2700 2100 2777 sed
2123 2702 2547 2803 proditionis
2571 2732 2770 2781 meae

812 2833 862 2866 “
899 2844 1061 2897 ante
1114 2848 1233 2897 me
1257 2820 1702 2897 accusatum:
1755 2824 1802 2893 fi
1829 2820 1949 2894 illa
1978 2820 2274 2920 separata
2305 2827 2398 2899 ab
2427 2827 2562 2901 hac
2593 2852 2772 2901 vana

810 2953 859 2987 “
895 2941 1243 3019 accusatio
1291 2962 1459 3029 erat,
1505 2939 1996 3039 invidiamque
2033 2962 2230 3017 tuam
2273 2943 2602 3021 adversus
2655 2974 2768 3021 me

811 3074 861 3107 ⁸‘
894 3062 1144 3164 magis,
1192 3086 1412 3162 quam
1458 3060 1728 3137 crimen
1783 3086 2026 3137 meum
2069 3061 2488 3153 indicatura,
2553 3068 2769 3143 hodie

813 3194 860 3229 ‘⁸
896 3210 1190 3283 quoque
1224 3208 1378 3258 eam
1405 3202 1529 3257 aut
1561 3180 2043 3281 praetermitti,
2093 3204 2218 3257 aut
2249 3182 2324 3257 in
2357 3183 2556 3263 aliud
2587 3206 2766 3263 tern-

812 3315 863 3349 ·‘
899 3330 1035 3404 pus
1082 3300 1388 3379 differri:
1438 3324 1522 3377 ut
1571 3301 2098 3402 perspiceretur,
2149 3324 2392 3379 utrum
2429 3332 2568 3405 ego
2603 3306 2763 3397 tibi,

808 3434 855 3468 0‘
888 3450 979 3499 an
1038 3445 1117 3500 tu
1178 3422 1387 3511 mihi,
1438 3448 1630 3497 novo
1679 3421 1980 3521 quidem
2027 3427 2096 3497 &
2147 3425 2466 3523 singulari
2511 3452 2766 3527 genere

812 3556 863 3589 “
898 3546 1077 3635 odii,
1128 3542 1405 3620 infidias
1462 3542 1753 3621 feciffeS.
1855 3546 2018 3643 Ego
2081 3564 2344 3634 tamen,
2413 3566 2762 3645 quantum

812 3675 861 3709 “
896 3666 973 3741 in
1010 3669 1143 3741 hac
1175 3663 1407 3741 subita
1436 3662 1960 3762 perturbatione
1987 3686 2260 3763 poter0,
2309 3665 2640 3765 separabo
2659 3694 2760 3759 ea,

812 3797 863 3830 ‘⁸
900 3812 1081 3884 quae
1106 3806 1186 3862 tu
1215 3783 1642 3861 confudisti:
1693 3784 1770 3855 ὅτ
1793 3783 2022 3860 noctis
2053 3786 2263 3883 hujus
2287 3786 2594 3878 infidias,
2643 3810 2762 3865 aut

808 3919 859 3952 ‘⁴
896 3929 1075 3996 tuas,
1124 3927 1247 3981 aut
1276 3930 1493 3995 meaa,
1526 3906 1876 4005 detegam.
1975 3904 2380 3983 Occidendi
2413 3906 2520 3983 sui
2543 3912 2760 3984 confi·

809 4028 1075 4105 “lium
1120 4054 1235 4103 me
1263 4025 1488 4115 iniffe,
1537 4022 1765 4099 videri
1797 4026 1994 4100 vult:
2047 4046 2132 4101 ut
2163 4025 2452 4118 scilicet,
2503 4030 2758 4125 majore

808 4160 859 4193 “
896 4148 1099 4226 fratre
1124 4146 1421 4235 subiato,
1470 4144 1672 4241 cujus
1691 4144 1852 4242 jure
1883 4146 2238 4245 gentium,
2288 4174 2486 4227 more
2519 4150 2757 4227 Mace-

2671 2 3086 806 ἲ

3068 814 3095 1281 ι
