3100 5359
721 736 861 808 228
1387 733 2017 808 T.L1v11

723 902 1066 980 Priaticus
1124 931 1419 1005 campus
1480 931 1600 980 eos
1659 903 1985 1005 excepit3
2038 903 2508 1005 triduumque
2564 903 2705 995 ibi,

723 1022 1166 1100 frumentum
1187 1025 1642 1124 accipientes»,
1666 1023 2095 1114 manserunt,
2122 1024 2375 1125 partim
2404 1053 2493 1101 ex
2514 1026 2707 1126 agris

723 1144 1274 1234 Maronitarum,
1309 1144 1834 1222 conferentibus
1869 1143 2051 1244 ipfis,
2081 1145 2338 1244 partim
2372 1172 2464 1221 ex
2498 1145 2730 1221 navi··

723 1267 859 1339 bus
915 1263 1076 1354 suis,
1129 1291 1312 1364 quae
1357 1291 1526 1340 cum
1575 1265 1810 1339 omnis
1838 1263 2115 1364 generis
2149 1274 2555 1342 commeatu
2591 1264 2700 1341 se-

726 1387 1149 1482 quebantur.
1251 1386 1370 1460 Ab
1406 1383 1667 1460 stativis
1699 1384 1845 1459 diei
1878 1385 1993 1460 via
2027 1385 2491 1483 Apolloniam
2536 1383 2709 1461 fuit.

725 1503 932 1580 Hinc
983 1529 1110 1603 per
1155 1503 1664 1580 Abderitarum
1697 1531 1949 1604 agrurn
1983 1505 2371 1604 Neapolim
2402 1532 2701 1605 perven-

724 1645 883 1700 tum
917 1625 1038 1699 est.
1139 1625 1312 1699 Hoc
1346 1649 1561 1699 omne
1593 1651 1719 1724 per
1754 1630 2195 1702 Graecorum
2228 1624 2541 1702 colonias
2574 1649 2701 1724 paf-

723 1765 964 1821 catum
992 1744 1121 1819 iter
1141 1742 1304 1819 fuit.
1371 1745 1775 1844 Reliquum
1804 1746 1973 1821 inde
1998 1771 2123 1844 per
2154 1745 2433 1822 medios
2466 1747 2705 1820 Thra-

725 1891 866 1955 cas»,
913 1865 1063 1940 dies
1098 1864 1504 1964 noctesque,
1564 1869 1682 1940 etfi
1712 1893 1857 1940 non
1886 1865 2247 1955 infestum,
2299 1864 2707 1965 suspectum

725 2005 988 2075 tamen,
1025 1987 1256 2060 donec
1293 1986 1368 2060 in
1403 1985 1913 2061 Macedoniam
1949 1997 2439 2086 pervenerunt.
2539 1985 2703 2060 Mi-

724 2106 934 2181 tiores
985 2108 1299 2180 Thracas
1345 2105 1540 2180 idem
1590 2105 1966 2195 exercituS,
2018 2131 2252 2204 quum
2284 2131 2325 2181 a
2358 2104 2699 2204 Scipione

723 2226 972 2301 eadem
1019 2226 1134 2300 via
1184 2227 1587 2314 duceretur,
1638 2228 2000 2313 habuerat,
2052 2229 2321 2302 nullam
2354 2229 2453 2302 ob
2484 2225 2703 2302 aliam

724 2349 1059 2435 cauffam,
1087 2372 1306 2445 quam
1341 2347 1543 2443 quod
1573 2345 1869 2442 praedae
1896 2343 2162 2434 minus,
2190 2347 2399 2445 quod
2428 2368 2701 2445 petere-

723 2487 865 2555 tur,
933 2465 1180 2540 fuerat.
1278 2470 1743 2568 Qarnquam
1796 2487 1953 2539 tum
2010 2491 2303 2565 quoque
2348 2465 2705 2544 Claudius

723 2589 967 2662 auctor
999 2586 1123 2674 est,
1155 2586 1248 2659 ad
1280 2584 1701 2684 quindecim
1738 2584 1963 2660 millia
1985 2588 2381 2676 Thracum,
2419 2615 2702 2686 praece·

725 2707 922 2783 denti
949 2708 1041 2781 ad
1074 2707 1504 2805 exploranda
1535 2707 1692 2780 loca
1724 2731 1981 2805 agmen
2020 2706 2296 2780 Mutini
2328 2708 2703 2783 Numidae

723 2825 1134 2903 obcurriffe.
1235 2825 1816 2926 Qadringentos
1860 2824 2137 2922 equites
2182 2825 2385 2901 fuiffe
2428 2829 2701 2903 Numi-

721 2951 872 3037 das,
931 2973 1193 3047 paucos
1239 2947 1669 3044 elephantos,
1770 2943 2087 3019 Mutinis
2122 2945 2355 3020 filium
2386 2957 2513 3046 per
2544 2974 2699 3023 me-

721 3068 879 3144 dios
943 3066 1174 3142 hostes
1231 3091 1402 3141 cum
1463 3085 1755 3139 centum
1818 3064 2340 3166 quinquaginta
2404 3069 2703 3144 delectis

722 3187 1089 3289 equitibus
1115 3185 1516 3285 perrupiffe.
1620 3186 1985 3259 Eumdem
2021 3211 2221 3274 mox,
2276 3212 2518 3285 quum
2540 3191 2701 3288 jam

723 3309 1082 3397 MutineS,
1145 3306 1222 3381 in
1257 3303 1499 3380 medio
1533 3304 1920 3403 elephantis
1954 3307 2367 3396 conlocatiS,
2434 3309 2511 3383 in
2540 3336 2697 3385 cor-

723 3454 871 3504 nua
897 3427 1261 3529 equitibus
1287 3423 1656 3525 dispositis,
1684 3449 1977 3499 manum
2014 3451 2185 3500 cum
2220 3427 2417 3502 hoste
2451 3428 2697 3505 conse-

725 3547 988 3638 ruiffet,
1033 3569 1369 3622 terrorem
1403 3546 1492 3619 ab
1514 3553 1713 3644 tergo
1742 3545 2153 3643 praebuisse.
2254 3547 2497 3647 Atque
2526 3549 2700 3625 inde

724 3671 1040 3745 turbatos
1083 3663 1386 3765 equestri
1415 3666 1615 3738 velut
1646 3665 1950 3763 procella
1974 3665 2207 3740 hostes
2239 3669 2331 3741 ad
2363 3668 2697 3765 peditum

723 3812 980 3889 agmen
1030 3813 1177 3864 non
1211 3787 1571 3861 acceffifl'e.
1670 3786 1808 3859 Cn.
1840 3784 2163 3860 Manlius
2189 3813 2315 3885 per
2342 3789 2692 3865 Macedo·

725 3910 919 3985 niam
943 3907 1021 3982 in
1047 3905 1474 3983 Thessaliam
1495 3904 1893 3982 exercitum
1927 3905 2267 3982 traduxit.
2359 3909 2543 3990 Inde
2572 3937 2695 4009 per

727 4029 1031 4132 Epirum
1087 4027 1550 4129 Apolloniam
1600 4049 1835 4126 quum
1886 4027 2329 4126 perveniflet,
2365 4031 2689 4106 nondum
