3100 5359
825 717 972 812 364
1493 713 2115 788 T.L1v11

827 895 880 934 “
915 911 1000 961 ce
1051 885 1383 962 Romana
1409 887 1751 986 gaudent.
1852 885 2049 962 Mihi
2110 907 2375 987 praeter
2416 906 2513 976 te,
2564 907 2795 986 paen,

825 1015 876 1049 “
911 1004 1098 1105 quid
1121 1003 1422 1104 usquam
1454 1024 1579 1081 aut
1610 1004 1780 1104 spei,
1812 1027 1937 1082 aut
1962 1005 2275 1105 praefidii
2306 1007 2407 1082 est
2436 1009 2509 1080 ?”

921 1127 1054 1200 xl.
1152 1136 1206 1169 “
1257 1129 1436 1226 Qo
1489 1124 1793 1224 speciae
1840 1124 1987 1202 illas
2043 1125 2272 1202 literas
2322 1128 2413 1202 ad
2462 1149 2531 1202 te
2590 1151 2793 1202 nunc

823 1255 877 1290 ‘¹‘
915 1245 1140 1320 miffas
1192 1247 1286 1320 T.
1317 1243 1645 1346 Qinstii
1700 1245 1955 1334 crediS,
2018 1245 2309 1344 quibus»,
2358 1247 2435 1319 &
2480 1250 2669 1322 bene
2720 1267 2795 1321 te

825 1375 878 1408 “
913 1362 1332 1439 consuluisse
1387 1368 1599 1442 rebus
1656 1365 1825 1454 tuis,
1892 1371 2021 1453 a‘it,
2092 1367 2295 1464 quod
2327 1365 2793 1443 Demetrium

822 1492 876 1529 ‘⁶
913 1485 1228 1558 Romam
1263 1481 1557 1574 miseris,
1596 1487 1665 1560 δι
1698 1487 2044 1574 hortatur,
2076 1509 2157 1560 ut
2184 1485 2469 1574 iterum,
2504 1489 2575 1560 ἃ
2610 1511 2789 1560 cum

823 1613 876 1647 “
909 1602 1238 1702 pluribus
1261 1603 1508 1704 legatis
1529 1607 1609 1679 δε
1642 1603 2071 1704 primoribus
2106 1607 2631 1693 Macedonum,
2684 1631 2789 1679 re-

823 1733 876 1782 “·
911 1721 1150 1800 mittas
1207 1727 1430 1804 eum?
1533 1727 1629 1800 T.
1673 1722 2061 1826 Qinckius
2126 1750 2320 1802 nunc
2384 1725 2486 1800 est
2544 1727 2795 1800 anaor

821 1851 874 1900 ‘·‘
909 1842 1242 1920 omnium
1293 1869 1530 1920 rerum
1588 1843 1701 1919 isti
1734 1847 1802 1918 ἃ
1836 1843 2183 1944 magister.
2284 1847 2481 1920 Eum
2508 1843 2665 1931 fibi,
2716 1863 2787 1918 te

823 1972 878 2008 “
911 1963 1242 2040 abdicato
1275 1985 1492 2064 patre,
1543 1963 1897 2042 inlocum
1929 1986 2141 2040 tuum
2166 1964 2543 2042 substituit.
2632 1965 2789 2041 Illic

821 2094 876 2148 “-
907 2105 1070 2160 ante
1119 2083 1362 2160 omnia
1409 2083 1841 2160 clandestina
1884 2087 2225 2162 concocta
2268 2085 2429 2162 sunt
2478 2085 2783 2162 confilia.

821 2213 874 2262 ‘-‘
909 2207 1368 2305 Qaeruntur
1395 2204 1747 2300 adjutores
1774 2204 2103 2293 consiliis,
2154 2230 2387 2305 quum
2420 2229 2487 2281 te
2522 2209 2791 2305 plures,

821 2335 874 2369 ‘⁸
909 2323 984 2396 δι
1013 2321 1366 2424 principes
1387 2325 1906 2412 Macedonum,
1928 2350 2101 2400 cum
2118 2323 2253 2402 isto
2270 2325 2793 2422 mittetejubet.

821 2453 874 2488 “
909 2443 1062 2545 Qi
1095 2443 1264 2518 hinc
1291 2443 1544 2542 integri
1574 2447 1641 2520 δι
1668 2443 1908 2520 finceri
1938 2448 2255 2522 Romam
2278 2465 2479 2534 eunt,
2509 2445 2791 2544 Philip-

825 2574 876 2608 “
911 2588 1092 2661 pum
1147 2587 1390 2662 regem
1445 2559 1512 2638 se
1564 2565 1822 2640 habere
1860 2565 2249 2654 credentes,
2300 2563 2563 2642 imbuti
2590 2563 2794 2642 illinc

823 2693 874 2727 “
911 2685 979 2756 δι
1031 2679 1274 2758 infesti
1319 2681 1671 2758 Romanis
1702 2683 2195 2762 delenimentis
2226 2687 2549 2760 redeunt.
2636 2687 2793 2760 De·

823 2814 874 2846 “
911 2801 1203 2878 mettius
1253 2800 1342 2876 iis
1391 2827 1583 2879 unus
1634 2802 1879 2879 omnia
1906 2803 2030 2879 est.
2130 2805 2493 2901 Eumjam
2518 2831 2793 2904 regem,

823 2933 874 2969 “
911 2922 1075 2998 vivo
1101 2943 1322 3022 patre,
1371 2923 1749 3021 adpellant.
1846 2925 2055 2998 Haec
2090 2927 2132 2997 fi
2168 2921 2532 3024 indignor,
2580 2925 2793 3000 audi·

821 3055 874 3090 ‘⁸
909 3042 1300 3120 endumest
1325 3041 1584 3132 statim,
1634 3069 1779 3118 non
1812 3045 1905 3119 ab
1932 3043 2087 3118 aliis
2114 3043 2371 3135 solum,
2420 3044 2541 3121 sed
2570 3045 2795 3136 etiam

823 3174 876 3210 “
909 3189 954 3240 a
979 3183 1076 3251 te,
1123 3182 1343 3262 pater,
1375 3161 1787 3262 cupiditatis
1818 3161 2019 3263 regni
2044 3161 2337 3240 crimen.
2438 3169 2601 3266 Ego
2620 3191 2794 3242 vero

819 3293 872 3332 “
908 3287 958 3360 fi
1007 3281 1086 3358 in
1147 3281 1392 3360 medio
1445 3281 1761 3382 ponitur,
1854 3307 2001 3358 non
2062 3281 2389 3382 agnosco.
2541 3289 2792 3386 Qcm

819 3413 872 3447 “
909 3399 1106 3478 enim
1152 3401 1280 3480 suo
1331 3405 1494 3478 loco
1543 3428 1827 3491 moveo,
1876 3419 1961 3476 ut
2005 3399 2148 3502 ipse
2204 3401 2281 3478 in
2332 3405 2483 3501 ejus
2538 3408 2791 3482 locum

803 3527 864 3566 ‘⁶
915 3523 1342 3600 succedam?
1443 3525 1661 3599 Unus
1708 3543 1871 3599 ante
1918 3549 2034 3598 me
2092 3541 2287 3621 pater
2344 3523 2485 3600 est=
2536 3525 2644 3615 δε,
2702 3549 2793 3602 ut

821 3651 876 3687 “
909 3641 1038 3718 diu
1075 3647 1178 3732 fit,
1231 3645 1428 3718 Deos
1446 3668 1645 3742 rogo.
1742 3641 2099 3742 Superstes
2134 3641 2605 3739 (&itafim‚fi
2634 3671 2789 3720 me-

823 3771 876 3808 “
911 3763 1146 3852 rebor,
1189 3783 1274 3838 ut
1299 3759 1442 3862 ipse
1475 3788 1593 3836 me
1624 3763 1761 3838 effe
1790 3760 1991 3856 velit)
2020 3762 2521 3838 haereditatem
2554 3765 2787 3864 regni,

821 3892 876 3928 “
909 3885 957 3960 fi
1013 3901 1208 3980 pater
1259 3883 1510 3970 tradet,
1580 3880 1946 3981 accipiam.
2045 3881 2269 3980 Cupit
2316 3908 2652 3982 regnum,
2714 3888 2789 3958 ὅτ

821 4011 874 4049 “
908 3999 1204 4100 quidem
1243 3999 1561 4078 scelerate
1581 3999 1810 4101 cupit,
1860 3999 1990 4100 qui
2050 3997 2531 4079 transcendere
2594 4001 2785 4078 festi-

819 4133 872 4169 “
907 4143 1030 4198 nat
1078 4120 1404 4196 ordinem
1453 4120 1725 4214 aetatis,
1778 4141 2092 4208 naturae,
2152 4116 2371 4196 moris
2426 4123 2789 4198 Macedo-

813 4252 866 4288 “
901 4267 1106 4332 num,
1141 4239 1324 4340 juris
1379 4238 1731 4341 gentium.
1828 4239 2081 4318 Obstat
2122 4237 2328 4317 frater
2376 4243 2625 4340 mnjor,
2680 4244 2779 4320 ad
