3100 5359
777 761 915 837 ¹34
1478 737 2117 812 T.L1v11

771 922 822 956 “
859 909 954 986 lia
997 911 1342 987 talentum
1413 914 1909 988 Euboicorum
1980 906 2284 986 dabitis:
2354 905 2751 1008 quingenta

773 1041 824 1076 “
859 1029 1286 1130 praesentia3
1349 1033 1499 1108 duo
1549 1032 1773 1108 millia
1799 1037 1867 1107 ὅτ
1902 1031 2320 1132 quingenta,
2374 1053 2607 1128 quum
2640 1027 2742 1102 se-

773 1161 822 1194 “
860 1173 1064 1225 natus
1115 1151 1564 1252 populusque
1614 1157 1993 1229 Romanus
2038 1175 2291 1252 pacem
2326 1152 2743 1248 comproba-

771 1281 822 1315 “
859 1271 1124 1358 verint3
1183 1271 1405 1345 millia
1457 1272 1723 1348 deinde
1780 1273 2125 1346 talentum
2180 1297 2306 1370 per
2348 1269 2741 1346 duodecim

771 1402 822 1436 “
859 1417 1104 1466 annos.
1209 1391 1522 1467 Eumeni
1590 1417 1884 1492 quoque
1955 1390 2157 1467 reddi
2222 1389 2744 1492 quadringenta

773 1523 822 1556 “
861 1515 1142 1598 talenta,
1179 1515 1246 1586 ὅτ
1283 1515 1486 1612 quod
1519 1512 1859 1588 frumenti
1894 1512 2253 1612 reliquum
2287 1537 2379 1586 ex
2398 1537 2511 1600 en,
2540 1513 2741 1611 quod

695 1647 702 1653 ’
771 1644 822 1676 “
857 1633 1034 1732 patri
1069 1631 1398 1707 debitum
1433 1633 1559 1721 est,
1594 1635 1843 1732 placet.
1944 1635 2155 1708 Haec
2187 1657 2421 1731 quum
2451 1632 2741 1733 pepige-

771 1765 824 1798 “
861 1753 1109 1840 rimu5‚
1162 1752 1466 1828 facturos
1498 1780 1625 1828 vos
1661 1774 1744 1827 ut
1780 1779 1913 1852 pro
1936 1776 2131 1828 certo
2152 1755 2563 1840 habeamus,
2610 1752 2747 1828 erit

769 1885 820 1918 ‘⁶
859 1873 1160 1974 quidem
1193 1873 1490 1970 aliquod
1516 1871 1806 1972 pignuS,
1836 1876 1883 1948 fi
1917 1875 2189 1948 obfides
2219 1871 2479 1973 viginti
2506 1873 2741 1946 nostro

769 2001 820 2038 “
857 1992 1190 2068 arbitratu
1243 1991 1534 2069 dabitis:
1588 1992 1709 2066 sed
1766 2019 2163 2093 numquam
2228 1993 2385 2069 satis
2434 1993 2739 2093 liquebit

767 2125 816 2158 ‘⁸
852 2115 1085 2203 nobiS,
1121 2113 1224 2188 ibi
1259 2139 1503 2214 pacem
1526 2115 1661 2187 effe
1686 2113 1959 2211 populo
1983 2116 2347 2202 Romane,
2370 2114 2499 2190 ubi
2527 2116 2737 2189 Han-

767 2245 818 2278 “
855 2233 1048 2309 nibal
1083 2233 1235 2310 erit.
1308 2237 1502 2309 Eum
1533 2255 1695 2308 ante
1723 2233 1966 2308 omnia
1990 2233 2459 2332 deposcimus.
2535 2237 2737 2308 Tho-

768 2363 822 2399 “
855 2375 1091 2430 antem
1141 2379 1430 2455 quoque
1499 2353 1872 2442 Aetolum,
1932 2354 2367 2430 concitorem
2426 2353 2741 2430 Aetolici

767 2486 818 2520 ‘⁴
858 2473 1056 2564 belli,
1111 2476 1239 2574 qui
1275 2477 1347 2548 &
1385 2475 1670 2549 illorum
1698 2473 1965 2550 fiducia
2008 2501 2160 2562 VOS,
2215 2476 2290 2547 &
2337 2475 2558 2549 vestra
2580 2475 2741 2549 illos

765 2609 816 2642 “
854 2595 928 2671 in
963 2619 1091 2670 nos
1135 2595 1457 2684 armavit,
1511 2594 1816 2683 dedetis,
1872 2599 1941 2670 ὅτ
1996 2622 2167 2670 cum
2218 2623 2305 2670 eo
2352 2598 2737 2670 Mnafima-

763 2729 816 2762 “
854 2719 1078 2793 chum
1113 2722 1509 2803 Acarnana,
1574 2719 1642 2789 ὅτ
1678 2712 2174 2790 Chalcidenses
2220 2715 2599 2792 Philonem
2657 2717 2737 2788 &

761 2847 816 2882 “
854 2834 1322 2912 Eubulidam.
1423 2837 1508 2910 In
1574 2835 1918 2910 deteriore
1970 2835 2093 2911 sua
2148 2835 2432 2912 fortuna
2480 2863 2737 2936 pacem

765 2966 816 3002 “
854 2954 1065 3031 faciet
1111 2981 1262 3042 rex,
1317 2955 1490 3055 quia
1533 2955 1749 3031 serius
1800 2955 1994 3046 facit,
2072 2983 2293 3055 quam
2338 2957 2565 3033 facere
2606 2984 2741 3058 po-

761 3089 813 3122 “
851 3075 1011 3152 tuit.
1110 3075 1182 3150 Si
1208 3101 1404 3152 nunc
1432 3097 1745 3154 moratus
1777 3076 2017 3166 fuerit,
2052 3077 2243 3165 sciat,
2282 3105 2535 3181 regum
2584 3105 2736 3154 ma·-

761 3209 814 3243 “
837 3197 1161 3295 jestatem
1207 3195 1569 3273 difficilius
1620 3201 1713 3274 ab
1778 3197 2060 3273 summo
2114 3197 2393 3299 fastigio
2456 3202 2549 3274 ad
2582 3227 2737 3274 me-

761 3330 812 3365 “
851 3318 1061 3394 dium
1097 3317 1396 3406 detrahi,
1459 3344 1677 3418 quam
1711 3345 1754 3392 a
1786 3318 2046 3394 mediis
2094 3321 2185 3394 ad
2220 3318 2367 3395 ima
2392 3320 2739 3418 praecipi·

761 3452 810 3484 “
849 3439 1048 3514 tari.’'
1146 3439 1338 3514 Cum
1392 3436 1502 3513 his
1556 3439 1907 3514 mandatis
1963 3443 2053 3514 ab
2103 3467 2269 3540 rege
2319 3440 2499 3516 miffi
2543 3461 2742 3516 erant

759 3559 998 3659 legati,
1051 3579 1133 3632 ut
1197 3583 1491 3632 omnem
1552 3558 1744 3657 pacis
1790 3559 2281 3636 conditionem
2312 3561 2739 3659 acciperent.

758 3685 1007 3780 Itaque
1057 3681 1374 3756 Romam
1424 3677 1619 3753 mitti
1670 3680 1934 3778 legatos
1967 3679 2257 3780 placuit.
2356 3682 2625 3757 Consul
2657 3682 2737 3758 in

757 3802 1053 3877 hiberna
1093 3798 1487 3874 exercitum
1527 3802 1971 3900 Magnefiam
2006 3804 2098 3876 ad
2134 3805 2617 3879 Maeandrum
2663 3808 2737 3878 δε

757 3921 1028 3998 Tralles
1065 3918 1575 4020 Ephesumque
1597 3918 1853 3994 divifit.
1958 3923 2323 4022 Ephesum
2354 3927 2447 3999 ad
2480 3923 2735 4000 consu-

753 4044 896 4120 lem
950 4067 1216 4140 paucos
1280 4039 1436 4139 post
1494 4039 1649 4114 dies
1710 4039 1988 4116 obsides
2050 4045 2143 4118 ab
2209 4069 2371 4145 rege
2436 4043 2735 4120 adducti

754 4161 956 4236 sunt:
999 4165 1066 4237 ὅτ
1102 4160 1342 4268 legati,
1372 4159 1504 4259 qui
1538 4161 1855 4236 Romam
1891 4160 2097 4254 irent,
2132 4185 2499 4238 venerunt.
2582 4165 2733 4240 Eu-
