3100 5359
769 762 912 841 340
1323 692 2063 820 ‘T.Lrv11

770 922 823 956 “
859 910 1414 1001 matrefamiliae,
1465 912 1673 987 illum
1707 915 1957 1012 pellice
1984 929 2223 989 ortum
2256 914 2437 987 effe:
2492 912 2736 999 illum,

773 1041 826 1076 “
861 1053 947 1105 ut
976 1058 1068 1107 ex
1093 1035 1383 1132 vulgato
1413 1059 1705 1132 corpore
1730 1034 2085 1133 genitum,
2114 1034 2382 1107 nullam
2408 1031 2581 1107 certi
2614 1057 2747 1128 pa-

769 1162 820 1197 “
857 1152 978 1227 tris
999 1174 1240 1229 notam
1265 1156 1519 1228 habere
1537 1187 1563 1241 3
1586 1153 2133 1253 huncinfignem
2160 1148 2477 1249 Philippi
2498 1149 2749 1225 fimili-

775 1282 826 1317 ‘⁸
865 1271 1192 1347 tudinem
1214 1298 1376 1372 prae
1397 1272 1462 1347 se
1484 1272 1683 1349 ferre.
1750 1276 1875 1348 Ad
1894 1277 2061 1361 hoc,
2082 1274 2453 1348 Romanos
2472 1274 2743 1346 Deme-

771 1402 824 1437 “
860 1390 1079 1466 trium
1111 1391 1185 1466 in
1217 1413 1508 1491 paterno
1541 1392 1718 1468 solio
1746 1395 2096 1469 locaturos
2124 1425 2147 1481 3
2201 1389 2430 1467 Persei
2462 1392 2743 1466 nullam

770 1522 822 1555 “
857 1513 1054 1609 apud
1088 1538 1206 1587 eos
1239 1511 1531 1611 gratiam
1564 1516 1766 1587 esse.”
1866 1516 2071 1589 Haec
2090 1504 2313 1611 vulgo
2346 1512 2741 1609 loqueban-

768 1652 905 1707 tur.
1005 1634 1255 1730 Itaque
1313 1636 1383 1706 ὅτ
1445 1630 1691 1707 Persea
1742 1658 1911 1708 cura
1957 1635 2285 1730 angebat,
2341 1658 2434 1706 ne
2486 1658 2743 1729 parum

765 1776 900 1849 pro
927 1750 992 1825 se
1026 1778 1172 1827 una
1189 1774 1368 1827 aetas
1389 1756 1670 1841 valeret,
1706 1778 1939 1851 quum
1970 1751 2308 1829 omnibus
2340 1752 2495 1827 aliis
2522 1756 2737 1828 rebus

766 1870 976 1947 frater
1005 1871 1313 1971 superior
1342 1874 1546 1948 effet:
1601 1876 1671 1946 ὅτ
1706 1870 2083 1972 Philippus
2116 1870 2287 1970 ipse,
2338 1872 2469 1947 vix
2494 1871 2603 1948 sui
2634 1898 2739 1949 ar-

767 1991 963 2067 bitrii
1029 1992 1204 2082 fore,
1285 2019 1504 2091 quem
1572 1993 1947 2067 haeredem
2011 1991 2210 2091 regni
2276 1992 2734 2091 relinqueret,

767 2112 1087 2202 credent»,
1138 2112 1262 2188 fibi
1295 2137 1588 2211 quoque
1622 2112 2013 2211 graviorem
2046 2114 2206 2200 effe,
2242 2138 2464 2212 quam
2494 2116 2732 2203 vellet,

768 2231 1120 2308 minorem
1151 2232 1387 2307 filium
1411 2231 1756 2308 censebat.
1822 2233 2339 2308 offendebatur
2376 2234 2743 2311 interdum

767 2351 1112 2429 concursu
1165 2353 1661 2428 Macedonum
1694 2352 1784 2427 ad
1816 2378 2010 2440 eurn,
2066 2352 2145 2425 &
2168 2353 2455 2429 alteram
2482 2356 2637 2451 jam
2668 2354 2735 2429 se

765 2472 935 2548 vivo
984 2470 1250 2571 regiam
1301 2473 1434 2547 effe
1483 2464 2009 2572 indignabatur.
2112 2474 2209 2547 Et
2267 2472 2411 2573 ipse
2452 2474 2741 2571 juvenis

763 2591 959 2665 haud
993 2589 1214 2665 dubie
1250 2590 1555 2665 inflatior
1586 2592 1908 2681 redierat,
1964 2590 2287 2668 subnisus
2319 2620 2488 2693 erga
2521 2592 2589 2669 se
2610 2596 2733 2691 ju-

737 2709 975 2785 -diciis
1007 2708 1304 2797 senatuS,
1358 2710 1828 2810 concessisque
1859 2712 2013 2799 fibi,
2057 2738 2239 2811 quae
2273 2714 2452 2812 patri
2488 2734 2739 2813 negata

766 2834 1028 2919 effent3
1077 2830 1152 2903 δι
1206 2829 1442 2903 omnis
1487 2829 1759 2904 mentio
1798 2832 2327 2921 Romanorum,
2394 2856 2737 2932 quantam

768 2951 1190 3052 dignitatem
1222 2950 1288 3027 ei
1315 2951 1511 3049 apud
1537 2971 1803 3025 ceteros
1838 2951 2304 3039 Macedonas,
2333 2973 2603 3029 tantam
2622 2942 2739 3028 'in-

765 3071 1063 3161 vidiam,
1122 3096 1268 3146 non
1299 3071 1494 3170 apud
1528 3067 1811 3144 fratrem
1844 3072 2089 3159 modo,
2142 3069 2263 3146 sed
2295 3072 2508 3147 etiam
2541 3074 2737 3173 apud

766 3212 1065 3291 patrem,
1139 3189 1605 3268 conciliabat:
1656 3188 1909 3287 utique
1954 3188 2327 3289 postquam
2360 3192 2479 3267 alii
2524 3193 2739 3293 legati

770 3312 1086 3388 Romani
1117 3298 1488 3399 venerunt,
1511 3313 1581 3384 &
1616 3311 2002 3409 cogebatur
2032 3310 2373 3385 decedere
2398 3313 2737 3401 Thracia,

770 3430 1244 3531 praesidiaque
1281 3430 1662 3518 deducere,
1709 3433 1780 3504 &
1810 3428 1971 3519 alia,
2007 3451 2129 3504 aut
2160 3456 2250 3505 ex
2282 3432 2575 3507 decreto
2599 3432 2739 3531 pri-

770 3577 980 3627 orum
1032 3554 1453 3649 legatorum,
1504 3570 1628 3623 aut
1670 3574 1762 3623 ex
1797 3574 1981 3624 nova
2012 3549 2515 3625 constitutione
2550 3550 2741 3627 sena·

772 3692 914 3759 tus,
973 3668 1221 3746 facere.
1319 3670 1459 3744 Sed
1515 3667 1758 3742 omnia
1808 3694 2131 3745 moerens
2166 3670 2469 3768 quidem
2515 3676 2586 3746 δε
2621 3697 2739 3771 ge-

773 3815 1003 3880 mens,
1037 3794 1155 3888 (eo
1180 3788 1432 3888 magiS,
1481 3789 1683 3887 quod
1714 3788 1948 3864 filium
1981 3788 2535 3889 frequentiorem
2580 3816 2741 3889 pro-

770 3936 862 4011 pe
889 3920 1076 3984 'cum
1121 3906 1285 3997 illis,
1335 3934 1555 4007 quam
1588 3905 1855 3998 secum,
1906 3912 2263 4005 cernebat)
2326 3910 2744 3986 obedienter

773 4052 1011 4106 tamen
1054 4028 1378 4105 adversus
1423 4030 1794 4103 Romanos
1828 4026 2155 4135 faciebat,
2202 4056 2293 4104 ne
2327 4056 2549 4128 quam
2585 4056 2742 4107 mo-

773 4149 989 4226 vendi
1045 4150 1406 4249 extemplo
1456 4148 1627 4225 belli
1680 4148 1983 4224 cauffam
2029 4151 2415 4250 praeberet.
2515 4155 2742 4227 Aver-
