3100 5359
808 741 894 790 10
1458 713 2102 788 T.L1v11

791 887 949 966 satis
1000 889 1195 989 apud
1242 915 1481 988 regem
1526 887 1770 988 gratia,
1825 887 2028 985 quod
2074 884 2434 983 accepturi
2477 883 2768 962 fuiffent

794 1009 1249 1096 venientem3
1300 1013 1435 1083 five
1478 1007 1795 1097 venisset,
1847 1011 1938 1082 fic
1983 1031 2276 1106 quoque
2324 1004 2474 1104 spes
2515 1005 2766 1080 veniae

791 1134 885 1206 ab
920 1127 1269 1205 Romanis
1312 1127 1515 1218 foret,
1569 1129 1798 1228 quod,
1851 1154 1996 1202 non
2035 1127 2434 1224 exspectato
2480 1127 2764 1226 longine

796 1275 949 1350 quo
972 1248 1241 1324 auxilio
1266 1252 1359 1324 ab
1388 1247 1482 1338 se,
1512 1247 1884 1347 praesentis
1907 1247 2178 1324 viribus
2205 1247 2766 1324 subcubuifl'ent.

794 1368 1005 1448 Huic
1038 1390 1183 1444 tam
1227 1369 1598 1469 perplexae
1641 1368 2006 1468 legationi,
2071 1367 2244 1468 quia
2289 1395 2434 1443 non
2481 1366 2638 1443 satis
2683 1367 2766 1441 in

795 1511 1085 1590 promtu
1132 1509 1301 1578 erat,
1353 1489 1535 1588 quid
1569 1488 2041 1589 responderet,
2095 1491 2356 1590 legatos
2405 1486 2472 1562 se
2519 1487 2762 1563 miffu-

794 1635 957 1686 rum
1000 1611 1099 1684 ad
1128 1635 1251 1686 eos
1286 1609 1501 1699 dixit,
1555 1593 1691 1709 qui'
1717 1611 1808 1685 de
1854 1609 1967 1700 iis,
2018 1635 2202 1709 quae
2233 1611 2328 1684 ad
2361 1608 2518 1684 illos
2549 1607 2765 1708 seque

790 1730 1259 1806 communiter
1301 1729 1754 1830 pertinerent,
1805 1732 2287 1830 loquerentur.

894 1851 1023 1926 v1.
1124 1854 1210 1927 In
1255 1851 1621 1928 Boeotiam
1654 1850 1798 1950 ipse
1829 1850 2186 1949 profectus
2217 1849 2342 1938 est,
2395 1851 2653 1926 cauffas
2684 1849 2764 1924 in

798 1971 1103 2074 speciem
1154 1971 1295 2046 irae
1350 1970 1678 2050 adversus
1732 1974 2102 2048 Romanos
2161 1997 2300 2060 eas,
2371 1995 2546 2069 quas
2601 1990 2766 2043 ante

796 2093 982 2183 dixi,
1032 2095 1461 2180 habentem3
1514 2093 1918 2194 Brachyllae
1965 2117 2240 2180 necem,
2293 2095 2362 2166 ὅτ
2409 2092 2682 2166 bellum
2719 2117 2766 2166 a

796 2212 1145 2316 Quinctio
1175 2215 1564 2302 Coroneae,
1599 2233 1884 2311 propter
1917 2215 2414 2288 Romanorum
2443 2210 2764 2288 militum

798 2337 1073 2424 caedes,
1134 2333 1435 2410 inlatum
1459 2367 1483 2422 3
1546 2359 1620 2410 re
1669 2359 1832 2408 vera
1887 2359 2014 2432 per
2062 2335 2288 2408 multa
2329 2333 2482 2428 jam
2533 2330 2766 2408 secula

793 2454 1082 2555 publice
1108 2454 1582 2553 privatimque
1609 2455 1885 2528 labante
1911 2452 2192 2553 egregia
2221 2453 2590 2552 quondam
2616 2451 2760 2527 dis-

796 2569 1065 2674 ciplina
1092 2574 1349 2674 gentis,
1399 2578 1468 2649 ὅτ
1502 2576 1894 2652 multorum
1929 2601 2015 2648 eo
2059 2573 2265 2661 statu,
2317 2571 2445 2672 qui
2481 2572 2763 2646 diutur-

796 2721 935 2772 nus
954 2697 1087 2768 effe
1112 2697 1251 2768 fine
1276 2693 1670 2770 mutatione
1697 2719 1931 2770 rerum
1963 2719 2106 2768 non
2133 2696 2374 2794 poffet.
2445 2691 2762 2768 Obviam

798 2817 1023 2892 effufis
1056 2813 1385 2913 undique
1420 2813 1748 2890 Boeotiae
1781 2813 2252 2915 principibus,
2303 2816 2593 2890 Thebas
2641 2841 2762 2890 ve-

798 2936 929 3014 nit.
1030 2933 1142 3011 Ibi
1172 2933 1247 3009 in
1272 2933 1586 3010 concilio
1619 2933 1874 3034 gentis,
1925 2960 2368 3034 quamquam
2401 2939 2470 3010 ὅτ
2495 2935 2588 3010 ad
2613 2937 2764 3010 De-

800 3057 1010 3145 lium,
1064 3055 1309 3154 inpetu
1364 3053 1441 3128 in
1490 3053 1912 3153 praesidium
1959 3057 2377 3130 Romanum
2425 3053 2640 3144 facto,
2691 3059 2762 3130 ὅτ

797 3180 889 3254 ad
914 3176 1333 3254 Chalcidem
1367 3174 1811 3252 commiserat
1843 3202 1973 3251 nec
2007 3203 2048 3250 a
2079 3172 2308 3274 parvis
2355 3201 2486 3252 nec
2520 3174 2764 3252 dubiis

796 3295 1167 3398 principiis
1216 3299 1513 3384 bellum,
1567 3317 1804 3370 tamen
1847 3283 2174 3374 eamdein
2211 3295 2604 3373 orationem
2637 3321 2761 3372 ex·

798 3419 1017 3509 orsus,
1066 3443 1211 3518 qua
1274 3418 1349 3493 in
1418 3414 1810 3516 conloquio
1869 3415 2102 3516 primo
2159 3418 2252 3493 ad
2311 3416 2762 3506 Chalcidem,

798 3564 1088 3641 quaque
1132 3565 1257 3637 per
1298 3539 1564 3637 legatos
1615 3536 1692 3611 in
1737 3537 2044 3614 concilio
2089 3540 2548 3616 Achaeorum
2593 3535 2762 3613 usus

797 3680 968 3748 erat,
1017 3681 1101 3735 ut
1127 3657 1515 3735 amicitiam
1549 3656 1789 3733 secum
1819 3656 2119 3747 institui,
2171 3683 2318 3734 non
2351 3659 2624 3736 bellum
2651 3657 2763 3732 in-

799 3780 948 3858 dici
992 3777 1341 3856 Romanis
1394 3778 1816 3878 postularet3
1867 3779 2258 3868 neminem,
2309 3778 2492 3879 quid
2523 3805 2760 3878 agere·

799 3920 941 3990 tur,
974 3899 1275 3976 fallebat.
1374 3901 1766 3974 Decretum
1795 3921 2030 3976 tamen
2057 3897 2185 3975 sub
2211 3899 2350 3974 levi
2374 3902 2760 3976 verboru-m

798 4041 1159 4122 praetextu
1193 4045 1322 4119 pro
1368 4043 1529 4120 rege
1575 4018 1898 4094 adversus
1931 4021 2301 4095 Romanos
2335 4019 2603 4112 factum
2635 4020 2760 4098 est.

802 4143 969 4221 Hac
996 4165 1288 4246 quoque
1320 4161 1529 4240 gente
1561 4139 1918 4235 adjuncta,
1953 4139 2374 4215 Chalcidem
2401 4123 2760 4240 regrefl‘uS,
