3100 5359
803 751 943 825 ¹94
1478 720 2108 798 T.L1vrt

795 893 1055 972 Cilices
1107 894 1444 972 maritimi
1495 895 1768 971 colunt.
1868 895 2275 968 Multarum
2304 916 2756 993 magnatum·

795 1040 940 1116 que
995 1035 1346 1117 praeterea
1405 1013 1733 1116 gentium
1786 1015 1963 1090 fines
2012 1011 2396 1114 contingit,
2453 1039 2763 1114 quarum

795 1134 1313 1212 commercium
1359 1133 1436 1209 in
1485 1161 1656 1210 eum
1700 1132 2014 1208 maxime
2046 1133 2291 1209 locum
2324 1133 2559 1210 mutui
2592 1134 2760 1210 usus

792 1275 1222 1331 contraxere.
1322 1255 1410 1329 Id
1431 1275 1589 1329 tum
1620 1253 1974 1330 desertum
2004 1251 2176 1354 fuga
2206 1251 2605 1330 incolarum
2632 1279 2757 1356 op-

791 1373 1079 1474 pidum,
1127 1373 1464 1452 refertum
1499 1373 1695 1450 idem
1728 1373 1937 1472 copia
1966 1399 2205 1449 rerum
2236 1371 2595 1463 omnium,
2650 1373 2759 1449 in-

789 1515 1158 1569 venerunt.
1257 1494 1368 1571 Ibi
1419 1493 1675 1569 stativa
1724 1491 2153 1570 habentibus
2188 1491 2404 1593 legati
2434 1495 2527 1569 ab
2562 1495 2759 1594 Epo·

789 1613 1083 1714 sognato
1113 1632 1484 1700 venerunt,
1537 1611 1983 1700 nunciantes,
2040 1621 2091 1656 ‘⁸
2129 1611 2542 1690 Profectum
2584 1639 2759 1688 eum

793 1743 845 1778 “
879 1735 974 1810 ad
1049 1735 1330 1833 regulos
1409 1733 1785 1808 Gallorum
1842 1731 2025 1806 nihil
2076 1731 2287 1831 aequi
2346 1731 2761 1832 impetrafl'e.

765 1861 845 1900 ·“
883 1855 1002 1928 Ex
1028 1851 1536 1952 campestribus
1554 1849 1730 1927 vicis
1758 1849 2081 1950 agrisque
2108 1849 2511 1950 frequentes
2530 1852 2759 1928 demi·

793 1981 848 2016 “
883 1997 1104 2072 grate,
1157 1973 1234 2046 ὅτ,
1267 1999 1436 2048 curn
1465 1969 1891 2070 conjugibus
1918 1995 2001 2046 ac
2035 1969 2299 2060 liberis,
2362 1996 2549 2071 quae
2580 1971 2759 2048 ferre

790 2099 846 2135 “
879 2110 1093 2191 atque
1119 2117 1323 2192 agere
1355 2093 1632 2192 poffint,
1668 2115 1831 2190 prae
1856 2089 1923 2164 se
1950 2110 2233 2189 agentes
2263 2091 2755 2192 portantesque

789 2221 844 2260 ‘⁸
879 2213 1282 2312 Olympum
1329 2231 1652 2286 montem
1684 2230 1949 2308 petere,
2006 2229 2089 2284 ut
2122 2209 2291 2285 inde
2320 2209 2531 2286 armis
2560 2213 2757 2288 loco·

787 2329 841 2376 ‘¹‘
877 2355 1182 2429 rumque
1217 2333 1346 2404 fitu
1377 2328 1511 2405 sese
1539 2331 1943 2406 tueantur.’'

887 2451 1098 2524 XIX.
1199 2450 1515 2525 Certiora
1534 2447 1775 2547 postea
1800 2451 2365 2526 Oroandensium
2394 2450 2603 2551 legati
2630 2453 2755 2526 ad-

787 2569 1144 2644 tulerunt:
1199 2577 1250 2612 “
1285 2566 1893 2664 Tolistobojorum
1942 2567 2302 2644 civitatem
2353 2571 2761 2669 Olympum

789 2698 841 2732 “
877 2706 1200 2762 montem
1287 2687 1540 2788 cepiffe
1572 2720 1595 2775 3
1666 2685 1975 2763 diversos
2046 2687 2475 2788 Tectosagos
2530 2690 2759 2766 alium

789 2817 842 2852 ‘⁶
876 2827 1226 2895 montem,
1277 2805 1406 2904 qui
1443 2809 1761 2906 Magaba
1804 2805 2108 2896 dicatur,
2164 2805 2428 2906 petiffe.
2526 2811 2601 2884 T
2604 2835 2758 2885 roc·

788 2935 841 2972 “
875 2951 1060 3014 mos,
1094 2925 1520 3026 conjugibus
1554 2951 1636 3001 ac
1671 2925 1911 3002 liberis
1941 2928 2136 3024 apud
2175 2925 2601 3028 Tastosagos
2628 2931 2757 3006 de-

789 3055 844 3092 “
876 3045 1138 3146 politis,
1183 3066 1612 3122 armatorum
1644 3044 1931 3145 agmine
1962 3045 2421 3143 Tolistobojis
2452 3047 2759 3125 statuifl‘e

791 3176 845 3211 ‘⁸
879 3165 1232 3242 auxilium
1253 3164 1506 3240 ferre.”
1558 3167 1780 3240 Erant
1802 3185 2043 3240 autem
2072 3185 2247 3240 tunc
2274 3165 2493 3242 trium
2526 3191 2759 3267 popu-

781 3283 1034 3362 lorum'
1095 3284 1326 3386 reguli
1383 3283 1763 3382 Ortiagon,
1842 3287 1910 3360 &
1970 3286 2598 3377 Combolomarus,
2681 3289 2759 3366 δι

786 3407 1164 3482 Gaulotus.
1261 3403 1358 3480 Iis
1409 3407 1583 3480 haec
1632 3403 1945 3479 maxime
1992 3404 2161 3480 belli
2214 3403 2391 3481 ratio
2424 3404 2759 3484 sumendi

785 3521 1038 3613 fuerat,
1065 3525 1295 3624 quod,
1324 3549 1559 3625 quum
1584 3543 1865 3600 montes
1898 3523 2307 3600 editiffimos
2339 3526 2488 3623 ejus
2520 3527 2759 3627 regio-

783 3641 896 3718 nis
942 3663 1284 3733 tenerent,
1327 3643 1686 3720 convectis
1730 3642 2098 3733 omnibus,
2161 3669 2345 3743 quae
2392 3647 2483 3721 ad
2540 3648 2760 3726 usum

785 3762 1114 3862 quamvis
1163 3762 1360 3862 longi
1409 3762 1748 3863 temporis
1780 3761 2230 3854 subficerent,
2279 3765 2516 3841 taedio
2551 3765 2621 3842 se
2650 3767 2761 3844 fa-

784 3881 1128 3982 tigaturos
1159 3883 1434 3958 hostem
1459 3881 1857 3960 censebant.
1956 3893 2009 3928 “
2047 3887 2243 3960 Nam
2278 3911 2511 3985 neque
2545 3887 2758 3964 ausu·

786 4011 841 4050 “
873 4028 983 4078 ros
1013 4027 1138 4101 per
1170 4023 1316 4078 tam
1348 4005 1571 4078 ardua
1600 4023 1815 4102 atque
1850 4001 2100 4103 iniqua
2130 4006 2287 4079 loca
2319 4005 2551 4082 subire
2584 4034 2709 4083 eos
2735 4042 2756 4084 ε

787 4133 839 4172 “
877 4127 975 4213 δε,
1005 4125 1052 4200 fi
1085 4144 1533 4213 conarentur,
1585 4125 1698 4199 vel
1730 4149 1941 4224 parva
1966 4149 2179 4200 manu
2222 4124 2582 4224 prohiberi
2620 4130 2760 4206 hac

3076 551 3081 682 !

3069 849 3081 1058 ¹
