3100 5359
789 703 869 776 L
919 725 948 774 1
1005 725 1048 775 n
1105 725 1150 775 ιι
1203 725 1252 773 ιι
1353 701 1744 776 XXXVII.
2141 723 2271 798 153

245 945 254 952 .
318 884 370 920 “
405 870 630 950 natim
717 875 1154 972 Magnefiam
1231 873 1324 946 ad
1399 871 1750 972 Sipylum,
1826 870 1903 943 &
1969 869 2275 960 Cariam,

321 1004 372 1038 “
407 1020 594 1092 quae
628 993 952 1092 Hydrela
973 994 1388 1091 adpellatur,
1423 1018 1816 1091 agrumque
1842 992 2277 1089 'Hydrelata-

319 1124 371 1157 “
409 1139 590 1188 num
615 1113 708 1188 ad
737 1110 1120 1210 Phrygiam
1155 1131 1587 1210 vergentem,
1639 1116 1705 1184 δι
1754 1111 2027 1186 castella
2059 1107 2277 1184 vicos-

323 1243 373 1277 “
409 1259 557 1331 que
575 1234 665 1309 ad
697 1234 1174 1306 Maeandrum
1194 1257 1504 1319 amnem,
1534 1236 1603 1305 ὅτ
1633 1231 1921 1330 oppida,
1952 1229 2073 1302 nisi
2095 1253 2279 1327 quae

321 1363 374 1398 “
409 1353 632 1428 libera
651 1372 810 1426 ante
832 1353 1100 1426 bellum
1128 1349 1450 1438 fuifl’ent3
1487 1349 1913 1424 Telmiffum
1944 1351 2114 1424 item
2149 1373 2277 1422 no·

324 1483 376 1518 “
409 1472 768 1560 minatirn,
827 1476 896 1546 δε
951 1471 1162 1546 castra
1200 1470 1674 1558 Telmiffium,
1708 1491 1975 1568 praeter
2003 1495 2281 1568 agrum,

326 1603 375 1637 “
411 1592 546 1691 qui
597 1591 982 1667 Ptolemaei
1040 1595 1114 1666 T
1115 1590 1383 1665 elmiffii
1443 1589 1707 1664 fuiffet:
1782 1593 1955 1664 haec
2012 1589 2280 1677 omnia,

325 1721 378 1756 “
413 1738 599 1810 quae
630 1710 833 1810 supra
863 1709 1112 1809 scripta
1143 1709 1330 1797 sunt,
1382 1709 1527 1809 regi
1567 1709 1879 1785 Eumeni
1900 1707 2081 1804 juffa
2106 1708 2283 1784 dari.

329 1843 380 1876 “
414 1829 730 1906 Rhodiis
759 1830 989 1929 Lycia
1022 1832 1206 1917 data,
1242 1850 1436 1904 extra
1469 1831 1805 1904 eumdem
1839 1833 1911 1902 T
1914 1828 2286 1917 elmiss‘um,

331 1960 382 1994 “
417 1955 487 2024 ὅτ.
525 1949 740 2025 castra
764 1949 1239 2036 Telmissium‚
1291 1949 1366 2021 &
1401 1975 1679 2048 agrum,
1739 1947 1869 2047 qui
1901 1948 2287 2024 Ptolemaei

331 2081 380 2115 “
415 2068 764 2145 Telmiffii
785 2068 1048 2144 fuiffetz
1077 2071 1251 2142 haec
1283 2073 1351 2142 δε
1371 2071 1463 2143 ab
1492 2071 1843 2155 Eumene,
1873 2067 1948 2139 &
1973 2072 2061 2143 ab
2081 2070 2286 2143 Rho-

331 2200 382 2234 “
418 2189 560 2264 diis
605 2209 922 2288 excepta.
1025 2191 1130 2262 Ea
1162 2213 1454 2286 quoque
1488 2185 1597 2261 his
1623 2211 1775 2285 pars
1810 2188 1971 2262 data
2015 2187 2286 2278 Cariae,

335 2321 385 2354 “
420 2335 606 2408 quae
663 2307 950 2408 propior
1003 2308 1355 2381 Rhodum
1403 2305 1699 2380 insulam
1759 2327 1943 2381 trans
1992 2311 2288 2382 Maean-

336 2440 386 2476 “
419 2433 634 2506 drum
655 2453 938 2502 amnem
959 2426 1096 2514 est3
1124 2426 1414 2524 oppida,
1436 2425 1607 2514 vici,
1637 2426 1932 2516 castella,
1954 2427 2129 2527 agri,
2158 2428 2289 2528 qui

337 2559 386 2594 “
419 2547 868 2625 adPifidiam
892 2569 1232 2646 vergunt:
1267 2545 1390 2621 nifi
1425 2569 1605 2642 quae
1638 2572 1883 2623 eorum
1916 2546 2181 2646 oppida
2214 2547 2291 2621 in

339 2667 738 2744 “libertate
789 2664 1094 2754 fuissent,
1154 2662 1382 2763 pridie
1443 2690 1663 2763 quam
1713 2691 1882 2741 cum
1926 2665 2292 2742 Antiocho

341 2797 388 2830 “
423 2813 590 2886 rege
645 2786 720 2860 in
781 2789 944 2860 Afia
993 2805 1392 2884 pugnatum
1432 2784 1600 2859 est.''
1696 2788 1836 2860 Pro
1893 2785 2002 2860 his
2058 2811 2293 2884 quum

339 2906 588 3008 gratias
620 2904 915 3004 egissent
944 2903 1249 2992 Rhodii,
1286 2906 1376 2979 de
1401 2904 1579 2980 Solis
1610 2910 1814 2994 urbe,
1851 2931 2031 3004 quae
2066 2905 2142 2980 in
2170 2907 2293 2982 Ci-

337 3025 500 3101 licia
557 3024 682 3112 est,
759 3045 1090 3123 egerunt:
1167 3034 1216 3068 “
1255 3023 1468 3122 Argis
1523 3023 1601 3096 &
1660 3024 1839 3113 illos„
1900 3029 2073 3100 ficut
2128 3025 2290 3115 sese,

343 3155 390 3190 “
424 3143 770 3220 oriundos
821 3146 976 3218 effe.
1076 3145 1200 3218 Ab
1265 3167 1346 3216 ea
1409 3144 1865 3242 germanitate
1924 3145 2295 3220 fraternam
2367 3151 2373 3157 ’

342 3275 390 3309 “
425 3265 552 3340 fibi
586 3285 755 3341 cum
788 3262 876 3337 iis
909 3262 1264 3338 caritatem
1297 3263 1452 3336 effe.
1544 3266 1787 3340 Petere
1820 3266 1957 3340 hoc
1990 3285 2294 3340 extraor-

343 3395 392 3429 “
427 3383 787 3466 dinarium
826 3408 1115 3469 munus,
1149 3402 1234 3456 ut
1267 3407 1418 3456 eam
1457 3382 1815 3459 civitatem
1848 3411 1941 3458 ex
1970 3383 2294 3459 servitute

343 3516 392 3550 “
427 3502 622 3604 regia
655 3503 1113 3588 eximerent.”
1215 3503 1464 3576 Vocati
1520 3501 1681 3578 sunt
1736 3504 1915 3604 regis
1950 3505 2303 3580 Antiochi

341 3623 578 3724 legati,
613 3627 993 3722 actumque
1023 3648 1194 3697 curn
1243 3621 1330 3695 iis
1387 3621 1518 3696 est:
1573 3649 1703 3697 nec
1738 3623 2133 3722 quidquam
2162 3625 2295 3698 im-

344 3764 722 3841 petratum,
797 3741 1084 3816 testante
1150 3740 1432 3816 foedera
1484 3741 1887 3841 Antipatr0‚
1971 3743 2295 3818 adversus

345 3887 530 3962 quae
557 3866 650 3938 ab
685 3861 998 3936 Rhodiis
1031 3887 1178 3934 non
1211 3864 1433 3950 Solos,
1469 3861 1589 3935 sed
1614 3861 1945 3937 Ciliciam
1996 3863 2169 3960 peti,
2227 3867 2297 3937 ac

332 3982 510 4082 juga
587 3980 811 4057 Tauri
875 3977 1290 4055 transcendi.
1421 3982 1801 4056 Revocatis
1856 3981 1931 4056 in
1983 3982 2298 4057 senatum

349 4101 688 4190 Rhodiis,
756 4126 1018 4200 quum,
1081 4122 1513 4200 quantopere
1545 4103 1863 4177 tenderet
1894 4104 2161 4202 legatus
2192 4126 2294 4176 re·
