3100 5359
789 737 926 834 178
1429 729 2062 806 T.L1v11

787 921 838 954 “
879 911 1208 984 Euboica
1266 907 1514 980 darent
1578 906 1837 979 talenta
1857 936 1881 994 3
1953 929 2045 978 ex
2109 899 2373 1002 quibus
2437 903 2761 978 ducenta

786 1041 839 1074 “
873 1025 1277 1130 praesentia,
1331 1045 1647 1100 trecenta
1693 1051 1819 1124 per
1867 1049 2086 1099 annos
2128 1021 2249 1098 sex
2300 1023 2761 1122 penfionibus

787 1161 840 1194 “
875 1147 1161 1248 aequis:
1215 1146 1528 1250 captivos
1574 1144 2042 1245 perfugasque
2076 1143 2446 1219 redderent
2478 1145 2759 1220 Roma-

787 1279 840 1314 “
875 1267 1025 1343 nis:
1078 1271 1330 1343 urbem
1357 1293 1447 1340 ne
1477 1291 1699 1365 quam
1726 1266 2070 1340 formulae
2091 1263 2395 1362 suijuris
2416 1264 2756 1353 facerent,

785 1401 839 1437 “
875 1415 1056 1488 quae
1075 1387 1230 1488 post
1259 1387 1333 1462 id
1357 1407 1665 1486 tempus,
1695 1411 1844 1486 quo
1864 1387 1959 1460 T.
1988 1384 2374 1486 Qinffius
2394 1385 2765 1482 trajeciss‘et

789 1519 840 1554 “
879 1508 954 1584 in
1011 1506 1411 1596 Graeciam,
1463 1527 1586 1580 aut
1635 1505 1709 1580 vi
1762 1525 1967 1604 capta
2017 1508 2108 1580 ab
2156 1503 2507 1579 Romanis
2560 1505 2761 1594 effet,

797 1639 851 1676 “
887 1649 1010 1704 aut
1029 1629 1393 1703 voluntate
1417 1625 1490 1700 in
1519 1624 1908 1701 amicitiam
1940 1623 2271 1698 venisset:
2309 1624 2775 1722 Cephallenia

789 1759 840 1794 “
877 1748 1100 1823 insula
1130 1768 1214 1822 ut
1246 1767 1441 1820 extra
1459 1747 1579 1843 jus
1614 1743 1916 1820 foederis
1950 1745 2185 1819 esset.”
2250 1745 2459 1819 Haec
2496 1769 2759 1842 quam-

791 1889 1008 1966 quam
1038 1865 1152 1964 spe
1187 1863 1497 1966 ipsorum*
1520 1865 1885 1963 aliquanto
1918 1863 2182 1939 leviora
2205 1885 2423 1951 erant,
2454 1863 2763 1962 petenti-

790 1989 924 2062 bus
953 1985 1253 2074 Aetolis,
1311 2007 1394 2060 ut
1420 1985 1510 2058 ad
1537 1983 1925 2060 concilium
1954 1983 2313 2073 referrent,
2341 1984 2757 2082 permiffum

719 2133 725 2142 ·
791 2105 912 2182 est.
1015 2109 1233 2181 Parva
1276 2103 1696 2202 disceptatio
1742 2106 1831 2180 de
1866 2103 2167 2180 urbibus
2201 2104 2453 2180 tenuit.
2551 2109 2763 2206 Qae

791 2235 1026 2326 qu'um
1081 2225 1186 2300 sui
1232 2223 1410 2321 juris
1454 2222 1842 2322 aliquando
1876 2225 2183 2313 fuiffent,
2235 2225 2440 2301 avelli
2477 2228 2675 2299 velut
2714 2251 2763 2299 a

789 2371 1081 2444 corpore
1125 2343 1250 2420 suo
1283 2367 1486 2442 aegre
1526 2343 1994 2440 patiebantur.
2094 2345 2221 2421 Ad
2253 2371 2487 2420 unum
2520 2369 2761 2420 tamen

791 2489 1038 2542 omnes
1110 2463 1337 2563 accipi
1404 2453 1658 2562 pacem
1718 2465 2088 2560 jufferunt.
2219 2463 2761 2541 Ambracienses

791 2609 1125 2661 coronam
1171 2609 1453 2658 auream
1487 2581 1760 2658 consuli
1793 2606 2084 2660 centum
2118 2583 2191 2657 ὃῑ
2238 2583 2766 2686 quinquaginta

789 2706 1034 2804 pondo
1086 2691 1471 2777 dederunt:
1527 2707 1719 2804 figna-
1748 2731 1961 2780 aenea
1988 2731 2517 2804 marmoreaque
2551 2708 2622 2779 &
2656 2724 2759 2779 ta—

791 2825 1000 2898 bulae
1058 2822 1313 2921 pictae,
1399 2821 1665 2922 quibus
1731 2823 2037 2899 ornatior
2066 2824 2500 2913 Ambracia,
2558 2822 2767 2926 (quia

792 2941 984 3042 regia
1011 2941 1114 3017 ibi
1149 2942 1399 3041 Pyrrhi
1436 2941 1691 3038 fuerat)
1731 2969 1952 3042 quam
1980 2965 2245 3020 ceterae
2279 2944 2589 3044 regionis
2610 2945 2766 3042 ejus

792 3065 1004 3138 urbes
1064 3082 1288 3153 erant,
1380 3060 1650 3138 sublata
1713 3064 1957 3140 omnia
2012 3065 2419 3166 aveaaqne.
2546 3062 2761 3140 Nihil

793 3205 1143 3284 praeterea
1174 3185 1445 3258 taetum
1471 3181 1931 3260 violatumve.

893 3305 992 3378 X.
1091 3285 1457 3380 ProfeEtus
1489 3305 1583 3377 ab
1620 3303 2008 3380 Ambracia
2038 3301 2285 3379 consul
2318 3302 2395 3378 in
2427 3301 2763 3377 mediter-

793 3449 1003 3498 ranea
1035 3421 1383 3511 Aetoliae,
1435 3424 1528 3495 ad
1566 3428 1797 3522 Argos
1830 3421 2433 3523 Amphilochium
2470 3421 2765 3522 (viginti

794 3545 948 3618 duo
980 3541 1203 3616 millia
1233 3544 1322 3617 ab
1359 3535 1749 3618 Ambracia
1777 3541 1999 3637 abest)
2040 3541 2256 3620 castra
2288 3540 2548 3642 posuit.
2650 3543 2764 3618 Eo

796 3664 1084 3737 tandem
1112 3659 1322 3762 legati
1356 3660 1629 3752 Aetoli,
1680 3660 1977 3737 mirante
2011 3661 2323 3754 consule,
2363 3663 2569 3762 quod
2602 3687 2757 3737 mo-

791 3800 1138 3870 rarentur,
1206 3803 1575 3856 venerunt.
1676 3783 1885 3871 Inde,
1946 3783 2325 3882 postquam
2356 3783 2768 3880 adprobafl'e

795 3925 1048 4000 pacem
1077 3898 1465 3976 concilium
1499 3903 1927 3978 Aetolorum
1958 3903 2257 4003 accepit,
2312 3903 2509 4000 juffis
2552 3903 2767 4004 profi-

797 4018 965 4096 cisci
1022 4023 1339 4096 Romam
1396 4019 1489 4094 ad
1541 4019 1886 4112 senatum,
1966 4021 2467 4124 permissoque,
2550 4043 2636 4096 ut
2690 4021 2768 4093 δε

795 4139 1105 4230 Rhodii,
1154 4139 1230 4213 δε
1282 4139 1750 4218 Athenienses
1784 4143 2263 4242 deprecatores
2314 4142 2522 4233 irent,
2571 4144 2763 4232 date,
