3100 5359
717 718 860 817 306
1402 711 2033 789 T.L1v11

723 895 793 967 δε
831 892 982 988 jam
1019 890 1221 967 miles
1255 912 1577 992 quoque,
1610 893 1703 967 ad
1737 892 2115 965 delendam
2144 889 2449 988 priorem
2484 890 2699 993 igno³

724 1011 1052 1101 miniam,
1113 1012 1386 1087 hostem
1433 1010 1812 1110 poscebat3
1864 1008 2253 1085 duodecim
2288 1010 2513 1085 millia
2538 1012 2697 1110 pas·

725 1129 933 1206 suum
985 1136 1076 1207 ab
1128 1134 1337 1231 Tago
1398 1130 1700 1205 flumine
1752 1129 2139 1227 posuerunt
2184 1130 2463 1205 castra.’
2514 1134 2701 1207 Inde

725 1252 926 1326 tertia
954 1249 1200 1351 vigilia
1231 1249 1515 1327 sublatis
1543 1250 1779 1350 fignis,
1814 1251 2159 1349 quadrato
2188 1250 2475 1350 agmine
2501 1251 2701 1350 prin·

725 1371 918 1471 cipio
977 1372 1156 1447 lucis
1209 1373 1298 1446 ad
1351 1369 1541 1470 Tagi
1594 1370 1819 1469 ripam
1874 1391 2365 1469 pervenerunt.
2462 1375 2699 1447 Trans

723 1490 1032 1567 fluvium
1067 1490 1144 1564 in
1177 1492 1356 1565 colle
1384 1490 1699 1565 hostium
1726 1490 1941 1565 castra
1958 1514 2175 1567 erant.
2283 1494 2697 1591 Extemplo,

727 1638 871 1711 qua
935 1613 1224 1687 duobus
1282 1610 1456 1685 locis
1501 1612 1683 1685 vada
1726 1612 2044 1685 nudabat
2086 1610 2342 1701 amnis,
2402 1614 2699 1689 dextera

729 1752 923 1831 parte
983 1730 1438 1830 Calpurnius,
1491 1733 1688 1805 laeva
1722 1729 2113 1830 Qinffius
2142 1732 2534 1808 exercitum
2561 1755 2701 1806 tra-

729 1855 1146 1939 duxerunt3
1200 1850 1449 1948 quieto
1502 1849 1727 1937 hoste,
1780 1852 1968 1927 dum
2022 1851 2319 1927 miratur
2380 1852 2701 1929 subitum

731 1974 1147 2058 adventum,
1213 1968 1730 2067 consultatque,
1791 1970 1921 2067 qui
1968 1972 2367 2045 tumultum
2416 1970 2703 2068 injicere

731 2090 1250 2191 trepidantibus
1285 2090 1356 2163 in
1387 2088 1538 2188 ipso
1566 2090 1851 2163 tranfitu
1888 2090 2115 2165 amnis
2146 2090 2499 2188 potuiffet.
2580 2094 2703 2167 In·

731 2213 940 2291 terim
1005 2210 1349 2297 Romani,
1429 2208 1934 2307 inpedimentis
2001 2236 2295 2309 quoque
2360 2211 2704 2289 omnibus

733 2332 1072 2409 traductis
1125 2329 1638 2427 contractisque
1674 2328 1748 2403 in
1788 2356 2017 2404 unum
2050 2332 2320 2419 locum,
2360 2332 2531 2430 quia
2550 2334 2705 2430 jam

733 2452 1006 2531 moveri
1051 2450 1392 2526 videbant
1439 2450 1740 2537 hostem,
1792 2476 1923 2525 nec
1962 2448 2265 2549 spatium
2312 2472 2458 2526 erat
2488 2452 2709 2527 castra

740 2570 1311 2658 communiendi,
1347 2570 1573 2645 aciem
1606 2569 2108 2646 instruxerunt.
2206 2574 2293 2647 In
2327 2572 2571 2647 medio
2602 2574 2709 2648 lo-

739 2716 932 2772 catae
986 2692 1240 2791 quinta
1298 2690 1669 2789 Calpurnii
1724 2691 1913 2790 legio
1957 2696 2027 2766 &
2074 2696 2321 2767 ostava
2351 2693 2709 2793 Qinetii.

740 2816 827 2890 Id
881 2814 1100 2889 robur
1153 2832 1305 2887 toto
1352 2810 1667 2885 exercitu
1722 2832 1887 2886 erat.
1988 2814 2349 2910 Campum
2380 2834 2709 2909 apertum

739 2934 967 3032 usque
1013 2934 1104 3007 ad
1136 2930 1450 3009 hostium
1483 2930 1701 3007 castra
1730 2934 2108 3020 habebant,
2144 2932 2451 3007 liberum
2484 2957 2527 3005 a
2558 2958 2711 3008 tne-

743 3076 822 3131 tu
861 3054 1289 3129 infidiamm.

844 3175 1130 3259 XXXI.
1229 3172 1566 3272 Hispani,
1626 3174 1998 3273 postquam
2058 3172 2131 3247 in
2196 3170 2515 3249 citeriore
2558 3175 2717 3271 ripa

747 3298 901 3371 duo
927 3299 1424 3370 Romanorum
1457 3290 1747 3391 agmina
1774 3291 2312 3391 conspexerunt,
2343 3315 2453 3382 ut,
2492 3292 2719 3391 prius-

749 3440 972 3516 quam
1024 3413 1091 3488 se
1122 3416 1422 3513 jungere
1466 3433 1681 3511 atque
1715 3411 2051 3489 instruere
2083 3410 2383 3510 possent,
2411 3438 2717 3513 occupa-

753 3559 909 3613 rent
959 3561 1105 3623 eos„
1160 3532 1393 3609 castris
1446 3554 1731 3632 repente
1779 3535 1971 3607 effufi
2018 3531 2223 3608 cursu
2271 3534 2363 3607 ad
2395 3558 2723 3633 pugnam

756 3657 1088 3731 tendunt,
1186 3658 1420 3729 Atrox
1470 3651 1548 3731 in
1606 3651 1961 3752 principio
2023 3651 2377 3751 proelium
2440 3650 2607 3740 fuit,
2648 3657 2723 3729 δε

757 3773 1099 3874 Hispanis
1131 3773 1394 3847 recenti
1427 3770 1721 3847 victoria
1753 3771 2134 3861 ferocibuS,
2194 3777 2263 3845 ὅτ
2298 3771 2567 3848 insueta
2613 3774 2725 3872 ig-

760 3894 1083 3972 nominia
1131 3893 1357 3969 milite
1387 3896 1726 3967 Romano
1758 3891 2073 3968 accenso.
2174 3892 2535 3967 Acerrime
2568 3918 2727 3967 me-

762 4015 884 4091 dia
901 4016 1110 4104 acies,
1171 4017 1355 4089 duae
1389 4012 1788 4089 fortiffimae
1840 4012 2182 4112 legioneS,
2237 4010 2727 4101 dimicabant3

763 4162 941 4237 quas
999 4161 1234 4236 quum
1285 4134 1483 4211 aliter
1531 4130 1805 4209 moveri
1856 4134 2019 4209 loco
2070 4158 2217 4209 non
2268 4134 2459 4232 poffe
2506 4131 2733 4208 hostis
