3100 5359
908 699 1370 772 Iar-nun
1475 697 1646 770 XL.
2138 701 2387 796 367,

312 885 364 924 “
401 878 706 964 donum,
755 893 884 950 tuo
917 873 1161 962 etiam,
1209 895 1291 946 ut
1329 878 1452 961 ait,
1490 869 1775 968 judicio
1828 894 2129 970 regnum
2182 870 2284 946 est

312 1010 365 1044 “
405 997 762 1084 futurum,
813 1019 948 1094 ego
975 993 1210 1070 minor
1241 993 1317 1067 in
1349 993 1524 1090 ejus,
1578 1018 1797 1090 quem
1844 990 2280 1078 occidissem,

313 1131 366 1165 ‘⁸
404 1118 850 1194 succederem
909 1117 1178 1192 locum.
1281 1115 1488 1216 Qid
1543 1141 1715 1214 ergo
1775 1114 1893 1188 illa
1944 1112 2069 1190 fibi
2129 1116 2285 1188 vult

317 1251 368 1284 “
405 1264 560 1338 pars
591 1239 806 1312 altera
835 1233 1195 1324 orationis,
1247 1263 1390 1335 qua
1423 1237 1793 1310 Romanos
1826 1259 1867 1308 a
1896 1259 2010 1308 me
2055 1235 2284 1309 cultos

317 1371 368 1404 “
403 1365 528 1447 ai‘t,
579 1378 792 1455 atque
845 1382 1094 1431 eorum
1141 1357 1408 1432 fiducia
1441 1355 1518 1430 in
1552 1353 1745 1453 spem
1778 1353 1979 1453 regni
2014 1381 2131 1428 me
2164 1381 2283 1429 ve-

319 1491 372 1526 “
409 1479 576 1554 niffe
603 1481 636 1572 ?⁸
687 1503 852 1552 nam
891 1480 937 1550 fi
982 1482 1052 1552 δι
1107 1476 1184 1552 in
1227 1476 1579 1554 Romanis
1621 1497 1897 1551 tantum
1936 1473 2289 1551 momenti

319 1612 370 1646 ‘⁸
407 1602 540 1674 effe
599 1599 1004 1686 credebam,
1065 1617 1178 1686 ut,
1241 1623 1462 1696 quem
1520 1598 1809 1684 vellent,
1860 1595 2285 1694 inponerent

318 1731 369 1766 “
407 1716 885 1796 Macedoniae
945 1743 1210 1816 regern,
1264 1721 1332 1792 ὅτ
1387 1743 1585 1792 meae
1630 1739 1907 1792 tantum
1940 1718 2135 1815 apud
2168 1743 2289 1792 eos

321 1852 372 1885 “
409 1838 666 1941 gratiae
701 1839 1181 1926 confidebam,
1235 1837 1415 1934 quid
1449 1864 1627 1935 opus
1674 1835 2051 1935 parricidio
2094 1835 2286 1912 fuit?

323 1973 374 2006 “
411 1968 562 2048 An,
613 1980 698 2034 ut
743 1979 1122 2034 cruentum
1159 1956 1454 2032 fraterna
1485 1959 1699 2032 caede
1730 1956 2058 2032 diadema
2091 1985 2287 2059 gere·

323 2092 377 2125 “
413 2107 562 2156 rem
589 2083 616 2154 ?
655 2103 736 2154 ut
767 2078 904 2154 illis
941 2078 1120 2176 ipsis,
1149 2078 1341 2176 apud
1369 2103 1552 2174 quos
1586 2098 1708 2152 aut
1732 2103 1917 2165 vera,
1944 2097 2069 2150 aut
2100 2103 2287 2154 certe

322 2210 375 2247 “
413 2202 754 2288 fimulata‚
830 2198 1176 2300 probitate
1243 2219 1510 2296 partam
1566 2196 1859 2298 gratiam
1924 2201 2179 2287 habe0,
2240 2201 2287 2272 fi

325 2331 378 2364 “
415 2344 632 2417 quam
669 2319 848 2394 forte
880 2322 1134 2406 haben,
1187 2316 1625 2394 exsecrabilis
1647 2316 1999 2393 &invisus
2022 2319 2288 2392 effem?

325 2449 378 2486 “
415 2439 572 2517 Nifi
597 2443 692 2515 T.
725 2438 1154 2541 Qinc'tium
1185 2436 1438 2525 credis,
1465 2439 1666 2534 cujus
1692 2437 1946 2514 virtute
1970 2440 2045 2512 ὅτ,
2072 2441 2293 2514 confi·

326 2571 380 2606 “
416 2558 528 2635 liis
573 2586 689 2634 me
725 2586 918 2635 nunc
949 2557 1183 2658 arguis
1217 2556 1394 2658 regi,
1444 2584 1675 2658 quum
1708 2564 1777 2634 &
1812 2558 1953 2658 ipse
1988 2558 2106 2634 tali
2140 2557 2291 2660 pie-

327 2691 382 2726 “
419 2701 554 2754 tate
602 2677 796 2754 vivat
837 2705 1009 2755 curn
1043 2677 1273 2767 fratre,
1323 2676 1505 2753 mihi
1540 2677 1875 2756 fraternae
1910 2680 2145 2756 caedis
2177 2679 2293 2756 fu·

329 2812 383 2846 “
419 2802 538 2874 iffe
585 2801 968 2876 auclorem.
1066 2801 1270 2874 Idem
1321 2825 1468 2874 non
1513 2801 2013 2875 Romanorum
2065 2799 2293 2876 solum

331 2933 383 2968 “
421 2920 742 3020 gratiam,
792 2917 912 2994 sed
947 2919 1440 2994 Macedonum
1464 2917 1771 3016 judicia,
1822 2947 1905 2994 ac
1940 2943 2119 3019 pene
2138 2947 2293 2996 om·

333 3051 384 3088 ‘⁶
423 3041 626 3116 nium
681 3043 1002 3118 Deorum
1047 3037 1573 3138 hominumque
1608 3039 2025 3116 consensum
2057 3043 2293 3116 conle-

334 3173 386 3208 “
421 3161 553 3262 git,
585 3186 706 3260 per
731 3187 912 3260 quae
945 3159 1188 3234 omnia
1219 3157 1286 3234 se
1320 3158 1496 3234 mihi
1531 3185 1773 3258 parem
1805 3159 1881 3235 in
1916 3159 2302 3236 certamine

333 3293 386 3328 “
419 3309 568 3358 non
619 3279 946 3356 futurum
993 3278 1394 3356 crediderit.
1493 3283 1727 3369 Idem,
1788 3301 2157 3378 tamquam
2217 3279 2295 3355 in

330 3414 384 3451 “
419 3401 572 3480 aliis
629 3400 965 3478 omnibus
1009 3404 1220 3477 rebus
1265 3398 1548 3476 inferior
1601 3403 1839 3486 effem,
1890 3403 1981 3476 ad
2026 3400 2297 3478 sceleris

333 3535 386 3572 “
423 3521 616 3624 spem
672 3521 998 3601 uitimam
1065 3519 1458 3620 confugifl‘e
1521 3547 1641 3600 me
1698 3521 2073 3598 instimulat.
2171 3521 2299 3598 vis

335 3654 388 3690 ‘¹‘
423 3645 608 3720 hanc
643 3640 1022 3720 formulam
1055 3639 1486 3740 cognitionis
1511 3643 1671 3730 effe,
1701 3664 1809 3730 ut,
1860 3663 2015 3720 uter
2042 3643 2297 3719 timue·

335 3773 389 3810 “·
423 3761 540 3850 rit,
591 3788 680 3837 ne
725 3765 896 3838 alter
927 3760 1212 3860 dignior
1242 3761 1601 3838 videretur
1632 3789 1878 3862 regno,
1930 3763 1989 3839 is
2024 3762 2297 3840 confili-

334 3893 386 3930 “
421 3907 552 3960 um
585 3882 1038 3984 obprimendi
1069 3879 1291 3956 statris
1323 3882 1575 3982 cepiffe
1594 3882 1958 3979 judicetur
1982 3885 2056 3960 ἔμ’

429 4001 636 4080 XIII.
721 4014 772 4048 “
813 4001 1302 4102 Exsequamur
1321 4023 1555 4077 tamen
1581 4027 2049 4103 quocumque
2078 4003 2299 4080 modo

335 4133 390 4170 ‘⁴
424 4122 714 4202 conficti
765 4121 1092 4200 ordinem
1135 4120 1474 4200 criminis.
1572 4121 1911 4200 Pluribus
1950 4123 2187 4202 modis
2227 4122 2299 4200 se
2370 4110 2379 4122 ⁶
