3100 5359
720 704 864 775 266
1407 701 1501 775 T.
1602 700 2036 773 L1'1v1

717 900 876 949 rum
931 878 1246 950 Romam
1287 874 1803 974 commigrasse,
1862 874 1937 947 &
1971 874 2071 951 ibi
2102 874 2339 973 censos
2372 879 2531 965 effe,
2588 884 2725 980 Q

717 994 1057 1071 Terentio
1114 996 1444 1069 Culleoni
1491 996 1788 1094 praetori
1851 994 2224 1095 negotium
2272 997 2517 1072 datum
2557 999 2702 1085 est,

715 1134 798 1188 ut
831 1140 948 1188 eos
983 1115 1458 1212 conquireret,
1493 1116 1598 1203 ὅτ,
1659 1142 1878 1215 quem
1914 1118 1999 1191 C.
2032 1116 2367 1205 Claudio,
2406 1120 2519 1191 M.
2554 1118 2701 1191 Li-

716 1233 836 1307 vio
880 1234 1309 1322 censoribus,
1351 1236 1591 1333 postve
1626 1262 1745 1310 eos
1774 1234 2113 1322 censoreS,
2173 1235 2411 1333 ipsum
2438 1262 2701 1333 paren-

718 1372 950 1427 temve
997 1354 1142 1449 ejus
1187 1356 1384 1452 apud
1420 1353 1487 1429 se
1522 1354 1811 1430 censum
1842 1358 2003 1441 effe,
2040 1358 2436 1453 probaffent
2488 1355 2698 1445 socii,

715 1493 800 1547 ut
851 1472 1076 1549 redire
1114 1501 1201 1548 eo
1247 1496 1557 1573 cogeret,
1588 1474 1713 1551 ubi
1752 1476 1939 1550 censi
1972 1478 2209 1549 essent.
2310 1478 2479 1550 Hac
2512 1502 2697 1551 con-

715 1592 1087 1690 quifitione
1141 1593 1530 1670 duodecim
1586 1594 1809 1669 millia
1834 1594 2257 1669 Latinorum
2294 1598 2545 1671 domos
2582 1624 2695 1671 re-

717 1712 1028 1801 dierunt,
1073 1714 1222 1810 jam
1271 1736 1430 1789 tum
1467 1714 1935 1789 multitudine
1982 1714 2535 1815 alienigenarum
2570 1744 2697 1791 ur·-

714 1836 882 1908 bem
915 1855 1268 1909 onerante.

812 1953 943 2027 IV.
1043 1953 1462 2054 Priusquam
1499 1955 1817 2031 consules
1850 1956 2159 2031 redirent
2189 1961 2531 2045 Romam,
2569 1960 2691 2033 M.

719 2074 1018 2151 Fulvius
1057 2069 1458 2175 ‘proconsul
1518 2102 1609 2150 ex
1656 2076 1943 2151 Aetolia
1974 2076 2208 2151 rediit.
2308 2077 2541 2177 Isque,
2594 2082 2691 2153 ad

713 2198 964 2272 aedem
1023 2194 1382 2294 Apollinis
1417 2195 1492 2270 in
1526 2194 1767 2270 senatu
1804 2221 2035 2294 quum
2070 2198 2164 2271 de
2196 2200 2405 2273 rebus
2434 2198 2511 2273 in
2542 2200 2687 2274 Ae-

717 2317 887 2392 tolia
920 2315 1520 2415 Cephalleniaque
1547 2320 1639 2393 ab
1672 2314 1739 2390 se
1774 2314 1983 2415 gestis
2009 2316 2444 2405 differuiffet,
2480 2318 2689 2415 petiit

714 2462 757 2511 a
785 2436 1139 2526 Patribus,
1174 2458 1258 2509 ut
1277 2461 1593 2535 aequum
1625 2434 2008 2523 censerent,
2044 2440 2141 2512 ob
2168 2438 2690 2537 rempublicam

717 2560 898 2631 bene
950 2584 1031 2633 ac
1059 2558 1356 2632 feliciter
1389 2556 1680 2656 gestam,
1737 2560 1804 2631 ἃ
1842 2556 2005 2631 Diis
2038 2555 2531 2635 inmortalibus
2558 2563 2687 2635 ho-

715 2702 960 2751 norem
995 2678 1237 2753 haberi
1259 2678 1544 2773 jubere,
1570 2680 1639 2751 8(
1659 2675 1784 2751 fibi
1816 2675 2264 2774 triumphum
2288 2680 2687 2755 decernere.

719 2800 835 2873 Μ.
867 2796 1186 2872 Aburius
1231 2797 1560 2875 tribunus
1592 2795 1844 2895 plebis,
1900 2801 1947 2870 fi
1980 2796 2161 2896 quid
2180 2798 2272 2872 de
2306 2824 2386 2873 ea
2418 2826 2495 2873 re
2526 2821 2688 2874 ante

719 2920 858 2993 Μ’.
886 2916 1181 2993 Aemilii
1203 2916 1506 2993 consulis
1531 2915 1917 2992 adventum
1938 2913 2456 3008 decerneretur,
2480 2919 2693 2994 inter-

717 3040 1067 3115 ceffurum
1119 3041 1186 3112 se
1239 3037 1598 3113 ostendit:
1652 3049 1703 3081 “
1744 3064 1911 3113 eum
1966 3038 2449 3114 contradicere
2478 3041 2689 3129 velle,

717 3172 770 3205 ‘⁶
805 3159 1514 3261 proficiscentemque
1564 3156 1639 3231 in
1684 3158 2125 3257 provinciam
2180 3158 2275 3233 ita
2316 3160 2443 3235 fibi
2490 3188 2691 3235 man-

717 3290 769 3325 “
805 3282 1017 3369 daffe,
1090 3301 1174 3354 ut
1223 3306 1305 3353 ea
1347 3276 1763 3376 disceptatio
1824 3278 2093 3379 integra
2156 3279 2230 3353 in
2296 3282 2692 3357 adventum

717 3410 769 3447 “
804 3399 1014 3476 suum
1066 3399 1466 3479 servaretur.
1570 3398 1911 3473 Fulvium
1957 3398 2295 3497 temporis
2334 3402 2691 3497 jaeturam

717 3531 770 3567 ‘⁶
805 3520 1053 3597 facere.
1151 3524 1487 3594 Senatum
1523 3520 1737 3594 etiam
1762 3518 2116 3618 praesente
2142 3519 2455 3609 consule,
2484 3524 2693 3620 quod

718 3652 770 3687 “
799 3644 1034 3729 vellet,
1081 3641 1607 3714 decreturum.”
1706 3642 1823 3715 M.
1854 3640 2198 3715 Fulvius=
2253 3650 2304 3685 “
2340 3641 2413 3715 Si
2446 3661 2569 3716 aut
2600 3642 2689 3714 fi-

717 3772 768 3809 “
803 3763 1057 3836 multas
1129 3762 1248 3833 M.
1317 3758 1617 3834 Aemilii
1678 3758 1918 3835 secum
1966 3760 2210 3860 ignota
2269 3760 2689 3853 hominibus

714 3894 765 3943 ‘-‘
803 3884 990 3968 effet,
1051 3901 1175 3954 aut
1241 3906 1460 3979 quam
1521 3880 1579 3953 is
1622 3882 1736 3954 eas
1773 3880 2178 3958 inimicitias
2213 3882 2685 3979 inpotentiae

719 4013 770 4048 “
807 4027 1023 4101 prope
1077 4000 1268 4101 regia
1298 4000 1396 4076 ira
1439 4022 1837 4089 exerceret3
1890 4021 2127 4076 tamen
2164 4028 2311 4078 non
2348 4002 2551 4076 fuisse
2586 4000 2691 4077 fe-

719 4134 770 4169 “
807 4122 1136 4212 rendum,
1187 4119 1544 4198 absentem
1574 4119 1937 4197 consulem
1964 4122 2037 4197 δι
2068 4126 2395 4201 Deorum
2421 4122 2684 4199 inmor-
