3100 5359
815 704 890 778 L
941 728 969 777 1
1029 730 1070 778 Β
1129 729 1173 779 Ε
1230 730 1277 779 a
1379 706 1770 779 XXXVII.
2196 708 2290 804 89

330 874 567 953 audita
599 878 802 953 clade
836 878 1320 967 Rhodiorum,
1357 906 1589 977 quum
1625 878 1766 979 ipse
1802 879 1974 954 duas
2005 899 2284 953 tantum

328 997 875 1097 quinqueremes
926 1002 1237 1087 haberet,
1301 999 1704 1097 Epicratem
1758 1024 1928 1073 cum
1978 1020 2284 1096 quatuor.

324 1119 620 1193 navibus
641 1117 717 1192 in
738 1121 975 1193 Afiam
996 1117 1235 1193 secum
1268 1118 1576 1193 reduxit.
1638 1118 2050 1193 Prosecutae
2070 1118 2284 1192 etiam

324 1258 593 1335 apertae
648 1237 1189 1314 Athenienfium
1247 1265 1455 1312 naves
1514 1238 1697 1314 sunt.
1799 1245 2049 1338 Aegeo
2105 1235 2282 1311 mari

324 1358 607 1456 trajecit.
710 1358 991 1433 Eodem
1024 1357 1507 1432 Timasicrates
1542 1357 1878 1433 Rhodius
1907 1386 2074 1434 cum
2110 1360 2284 1433 dua-

325 1481 455 1554 bus
498 1474 1070 1575 quadriremibus
1110 1478 1199 1551 ad
1234 1480 1445 1553 Samo
1479 1482 1686 1553 noete
1721 1478 2132 1577 intempesta
2162 1504 2282 1553 ve-

323 1596 458 1673 nit=
512 1596 1005 1697 deductusque
1048 1599 1144 1671 ad
1194 1598 1621 1687 Aemilium,
1684 1598 1998 1697 praefidii
2056 1600 2286 1674 cauffa

322 1716 385 1792 se
434 1718 750 1806 mifl'um,
802 1724 926 1806 ait,
984 1719 1187 1815 quod
1240 1744 1395 1792 eam
1442 1744 1638 1793 oram
1686 1718 1894 1793 maris
1957 1717 2281 1793 infestam

323 1836 649 1911 onerariis
668 1836 899 1936 regiae
919 1864 1128 1911 naves
1150 1837 1678 1913 excurfionibus
1699 1836 1954 1913 crebris
1979 1839 2069 1912 ab
2097 1840 2282 1913 Hel-

323 1956 637 2055 lesponto
685 1978 899 2057 atque
936 1959 1207 2056 Abydo
1258 1956 1587 2032 facerent.
1687 1957 2096 2054 Trajicienti
2135 1963 2277 2033 Ae-

324 2076 521 2152 milio
554 2104 597 2151 a
627 2076 817 2152 Chio
860 2080 1153 2152 Samum
1198 2078 1383 2151 duae
1437 2077 1770 2152 Rhodiae
1804 2077 2280 2176 quadriremes

322 2194 555 2271 miffae
572 2196 861 2273 obviam
886 2200 977 2271 ab
1002 2195 1247 2283 Livio,
1277 2202 1345 2271 &
1372 2223 1495 2271 rex
1524 2200 1882 2271 Eumenes
1911 2222 2078 2270 cum
2105 2198 2280 2271 dua·

324 2319 453 2392 bus
484 2316 1123 2417 quinqueremibus
1150 2316 1486 2391 obcurrit.
1586 2318 1877 2390 Samum
1909 2316 2282 2414 postquam

319 2456 613 2511 ventum
666 2436 790 2525 est,
859 2457 1147 2535 accepta
1196 2462 1238 2509 a
1275 2435 1496 2510 Livio
1531 2438 1757 2524 classe,
1813 2441 1881 2510 δι
1915 2434 2278 2525 sacriflci0‚

320 2576 402 2630 ut
430 2554 719 2644 adsolet,
767 2554 897 2629 rite
930 2554 1143 2642 facto,
1197 2554 1551 2629 Aemilius
1573 2554 1946 2630 confilium
1979 2557 2276 2631 advoca-

317 2673 435 2750 vit.
536 2675 651 2750 Ibi
686 2678 772 2749 C.
808 2672 1092 2762 Livius,
1146 2672 1236 2771 (is
1278 2674 1481 2749 enim
1526 2675 1626 2749 est
1670 2674 1940 2773 primus
1994 2696 2279 2775 rogatus

320 2794 759 2888 sententiam)
815 2803 865 2837 “
904 2792 1293 2868 Neminem
1328 2794 1608 2869 fidelius
1642 2795 1804 2868 dare
1837 2797 2022 2892 poffe
2058 2799 2276 2871 confi-

324 2926 369 2959 “
403 2916 662 3004 lium,”
722 2911 934 3001 dixit,
988 2924 1039 2958 “
1078 2937 1297 3011 quam
1332 2939 1529 3002 eum,
1585 2913 1713 3012 qui
1769 2914 1846 2989 id
1897 2916 2090 2989 alteri
2126 2915 2275 2990 sua-

320 3044 367 3107 “.
403 3036 627 3121 deret,
662 3034 863 3132 quod
883 3031 1055 3131 ipse,
1090 3036 1135 3107 fi
1157 3032 1235 3107 in
1260 3035 1517 3108 eodem
1544 3035 1716 3108 loco·
1741 3037 1928 3122 effet,
1965 3033 2276 3110 fasturus

320 3164 368 3198 “
403 3152 641 3229 fuerit.
740 3156 827 3227 Se
862 3152 939 3228 in
965 3152 1208 3227 animo
1240 3152 1584 3241 habuiffe,
1621 3174 1766 3227 tota
1799 3155 1998 3228 claffe
2037 3156 2274 3253 Ephe-

318 3284 365 3319 “
399 3274 559 3350 sum
602 3294 863 3373 petere,
922 3278 992 3347 ὅτ
1035 3273 1379 3347 onerarias
1422 3266 1682 3347 ducere
1733 3275 1960 3349 multa
1999 3274 2274 3351 saburra

315 3404 365 3439 “
398 3414 737 3494 gravam,
763 3413 979 3491 atque
1012 3393 1221 3467 casin
1252 3392 1578 3468 faucibus
1611 3415 1855 3492 portus
1884 3393 2274 3491 subprime-

316 3524 365 3557 “
400 3540 496 3589 re.
600 3516 698 3589 Et
744 3539 831 3587 eo
876 3512 1171 3587 minoris
1216 3513 1614 3588 molimenti
1660 3540 1742 3589 ea
1787 3514 2080 3589 claustra
2111 3519 2270 3604 effe,

317 3643 367 3676 “
400 3635 630 3731 quod,
680 3634 760 3707 in
798 3631 1117 3707 fluminis
1166 3634 1497 3720 modum,
1547 3634 1874 3733 longum,
1927 3638 1996 3709 δε
2024 3634 2275 3733 angus-

316 3762 367 3797 “
402 3772 587 3841 tum,
642 3758 713 3827 δι
742 3751 1083 3827 vadosum
1122 3751 1381 3826 ostium
1420 3774 1664 3851 portus
1697 3756 1796 3829 fit.
1895 3755 2004 3828 lta
2033 3757 2275 3831 adem-

316 3881 366 3916 “
402 3892 647 3947 turum
690 3872 756 3946 se
792 3870 1001 3947 maris
1034 3870 1239 3945 usum
1273 3872 1593 3949 hostibus
1634 3871 1860 3962 fuiffe,
1911 3874 2272 3951 inutilem-

318 4000 367 4067 3‘
404 4017 545 4092 que
581 3993 861 4069 claffem
894 3990 1316 4067 facturum?
