3100 5359
941 720 1016 793 L
1067 742 1098 792 1
1157 742 1198 793 B
1255 744 1300 793 a
1355 744 1404 797 R
1507 717 1870 795 XXXIX.
2250 720 2389 818 287

408 920 664 973 ercere.
763 892 918 995 Qui
963 914 1240 970 tantum
1283 893 1540 969 initiati
1574 910 1797 979 erant,
1835 896 1907 967 δε
1949 916 2041 967 ex
2074 890 2383 967 carmine

409 1016 630 1105 sacr0,
667 1036 1044 1114 praeeunte
1077 1019 1292 1091 verba
1327 1014 1706 1102 sacerdote,
1730 1011 2165 1113 precationes
2198 1012 2382 1087 fece-

411 1157 594 1225 rant,
633 1136 708 1210 in
742 1135 1010 1234 quibus
1043 1134 1350 1211 nefanda
1386 1134 1778 1231 conjuratio
1826 1134 1903 1208 in
1952 1160 2169 1209 omne
2217 1132 2387 1209 faci-

413 1283 554 1332 nus
603 1282 686 1332 ae
721 1255 1100 1331 libidinem
1135 1254 1659 1344 continebatur,
1694 1282 1825 1331 nec
1861 1281 2110 1331 earum
2150 1279 2389 1329 rerum

411 1381 663 1465 ullam,
696 1375 772 1451 in
807 1402 986 1475 quas
999 1377 1462 1473 jurejurando
1495 1374 1793 1475 obligati
1816 1396 2035 1463 erant,
2060 1375 2134 1451 in
2168 1376 2234 1449 se
2265 1396 2392 1451 aut

415 1498 591 1577 alios
639 1496 1088 1583 admiserant,
1157 1522 1278 1571 eos
1337 1495 1415 1571 in
1481 1496 1789 1573 vinculis
1852 1496 2389 1596 relinquebant:

417 1619 550 1720 qui
607 1617 866 1717 stupris
917 1638 1042 1693 aut
1093 1616 1434 1692 caedibus
1492 1616 1737 1692 violati
1790 1638 2010 1705 erant,
2050 1616 2183 1715 qui
2217 1616 2393 1691 fallis

423 1738 870 1826 testimoniis,
930 1736 1138 1837 fignis
1200 1736 1639 1825 adulteriniS,
1696 1736 2131 1833 subjectione
2194 1736 2395 1811 testa-

425 1880 865 1947 mentorum,
919 1858 1290 1935 fraudibus
1323 1857 1480 1933 aliis
1513 1857 2005 1945 contaminati,
2039 1884 2159 1932 eos
2200 1856 2395 1956 capi-

423 1980 544 2057 tali
596 2006 826 2079 poena
877 1977 1327 2055 adficiebant.
1429 1981 1675 2053 Plures
1728 1978 1984 2066 necati,
2038 2004 2255 2077 quam
2316 1978 2395 2052 in

425 2102 720 2179 vincula
783 2098 1086 2195 conjecti
1147 2097 1330 2173 sunt.
1458 2102 1737 2198 Magna
1786 2098 1893 2173 vis
1960 2099 2035 2172 in
2098 2120 2397 2197 utraque

423 2220 657 2301 cauffa
673 2219 992 2297 virorum
1015 2220 1543 2317 mulierumque
1568 2219 1728 2293 fuit.
1829 2218 2177 2294 Mulieres
2196 2220 2396 2293 dam-

427 2362 620 2419 natas
645 2339 993 2443 cognatis,
1026 2362 1152 2415 aut
1179 2339 1254 2413 in
1291 2364 1605 2436 quorum
1638 2366 1852 2413 manu
1890 2342 2131 2427 effent,
2168 2340 2398 2414 trade-

429 2466 633 2551 bant,
661 2482 746 2539 ut
773 2462 898 2562 ipfi
925 2460 1002 2537 in
1035 2460 1308 2561 privato
1327 2459 1963 2536 animadverterent
1988 2460 2063 2534 in
2091 2486 2227 2533 eas.
2322 2458 2401 2534 Si

432 2608 652 2661 nemo
711 2602 858 2659 erat
910 2582 1212 2657 idoneus
1252 2580 1579 2679 supplicii
1622 2583 1929 2670 exactor,
1984 2581 2059 2656 in
2108 2580 2403 2680 publico

429 2704 1144 2781 animadvertebatur.
1246 2703 1522 2775 Datum
1558 2702 1821 2775 deinde
1856 2701 2263 2777 consulibus
2284 2730 2404 2777 ne-

431 2825 718 2925 gotium
743 2824 871 2909 est,
893 2843 976 2898 ut
1007 2820 1250 2896 omnia
1277 2821 1737 2897 Bacchanalia
1758 2824 2034 2897 Rornae
2060 2822 2406 2920 primum,

435 2946 701 3021 deinde
733 2969 862 3042 per
887 2962 1112 3019 totam
1146 2942 1448 3028 Italiam,
1500 2941 1865 3017 diruerent
1884 2976 1908 3030 3
1962 2965 2156 3019 extra
2186 2967 2408 3039 quam

438 3070 484 3141 fi
517 3090 664 3166 qua
713 3062 818 3141 ibi
871 3062 1146 3139 vetusta
1175 3086 1292 3137 ara
1321 3082 1444 3138 aut
1478 3065 1757 3161 fignum
1793 3060 2275 3137 consecratum
2309 3062 2407 3138 es-

438 3187 560 3263 set.
659 3188 748 3261 In
792 3182 1152 3283 reliquum
1195 3182 1458 3259 deinde
1511 3179 2071 3257 senatusconsulo
2112 3205 2411 3259 cautum

441 3308 565 3394 est,
599 3316 652 3351 “
689 3308 808 3379 Nc
839 3330 988 3404 qua
1015 3303 1474 3380 Bacchanalia
1501 3306 1807 3391 Romae,
1852 3329 2028 3378 neve
2080 3302 2156 3377 in
2202 3302 2415 3378 {talia

443 3438 496 3475 “
533 3428 774 3503 effent.
876 3423 952 3499 Si
978 3423 1142 3524 quis
1175 3426 1310 3500 tale
1341 3422 1612 3498 sacrum
1650 3422 1983 3499 sollemne
2016 3428 2085 3498 δι
2110 3422 2410 3499 necefl‘a-

443 3558 498 3593 “
535 3546 726 3623 rium
753 3546 1076 3633 duceret,
1115 3572 1244 3620 nec
1274 3548 1413 3617 fine
1449 3542 1789 3642 religione
1824 3546 1893 3617 ὅτ
1922 3542 2207 3643 piaculo
2232 3544 2299 3620 se
2332 3545 2413 3621 id

445 3678 502 3714 “
535 3664 860 3745 omittere
897 3668 1113 3764 poffe,
1161 3666 1358 3762 apud
1391 3686 1781 3763 praetorem
1816 3668 2169 3739 urbanum
2200 3668 2414 3764 profi-

447 3796 504 3865 ἒ*
539 3807 826 3874 teretur,
879 3806 1154 3883 praetor
1185 3784 1503 3859 senatum
1537 3784 1952 3860 consuleret.
2050 3784 2123 3860 Si
2156 3784 2223 3859 ei
2257 3812 2414 3884 per·

448 3917 501 3953 “
536 3906 823 3983 miffum
871 3907 1064 3994 effer,
1114 3930 1346 4004 quum
1389 3906 1462 3979 in
1498 3904 1734 3980 senatu
1772 3928 2063 3980 centum
2101 3931 2247 3979 non
2280 3906 2417 3982 mi-

448 4038 504 4073 “
537 4052 674 4103 nus
727 4028 1002 4114 -efl‘ent,
1085 4024 1182 4101 ita
1243 4024 1320 4101 id
1385 4024 1659 4101 sacrum
1722 4024 2003 4113 faceret,
2082 4026 2262 4099 dum
2322 4054 2415 4102 ne

449 4156 504 4195 “
537 4149 698 4249 plus
727 4147 1056 4249 quinque
1084 4144 1428 4223 sacrificio
1458 4144 1884 4236 intereffent‚
1930 4172 2071 4221 neu
2106 4170 2251 4245 qua
2294 4172 2419 4245 pe·
