3100 5359
1073 686 1537 757 L11³En
1639 684 1810 759 XL.
2293 712 2436 780 421

458 883 597 960 vit:
634 882 709 955 ἃ
737 880 831 956 ab
854 880 966 957 his
992 878 1379 969 columnis»,
1414 904 1600 977 quae
1629 878 2092 957 incommode
2123 884 2442 981 obpofita

456 1006 911 1092 videbantur,
946 1006 1137 1103 ligna
1168 1002 1471 1077 amovitt
1525 1000 1898 1101 clipeaque
1927 1004 2018 1077 de
2053 1004 2438 1095 columniS,

455 1129 531 1201 ὅτ.
558 1132 749 1227 ligna
768 1123 1099 1201 militaria
1120 1124 1363 1198 adfixa
1384 1121 1622 1199 omnis
1649 1122 1928 1224 generis
1947 1125 2221 1200 demfit.
2320 1128 2444 1203 Μ.-

460 1250 523 1323 F
524 1247 763 1323 ulvius
796 1249 1003 1347 plura
1044 1244 1121 1318 &
1168 1243 1449 1341 majoris
1489 1245 1750 1321 locavit
1787 1244 1992 1321 usus:
2045 1270 2337 1345 portum
2369 1252 2443 1323 δι

460 1368 637 1469 pilas
671 1366 908 1469 pontis
934 1366 1011 1441 in
1036 1366 1409 1455 Tiberim3
1460 1365 1729 1463 quibus
1760 1365 1924 1467 pilis
1957 1366 2262 1471 fornices
2287 1370 2446 1470 post

461 1490 739 1590 aliquot
760 1514 984 1565 annos
1009 1491 1093 1563 P.
1120 1486 1363 1587 Scipio
1392 1486 1776 1563 Africanus
1805 1488 1880 1561 &
1902 1490 1999 1563 L.
2029 1491 2447 1567 Mummius

462 1611 779 1687 censores
832 1610 1249 1685 locaverunt
1301 1607 1774 1709 inponendOS.
1877 1608 2241 1688 Bafilicam
2291 1614 2447 1715 post

460 1730 881 1832 argentarias
910 1757 1127 1807 novas
1156 1734 1231 1804 δι
1260 1730 1496 1805 forum
1525 1728 2010 1830 piscatorium,
2045 1732 2447 1814 circumda-

462 1852 553 1928 tis
586 1851 923 1941 tabernis,
956 1878 1136 1951 quas
1166 1850 1494 1927 vendidit
1518 1851 1595 1925 in
1630 1851 2025 1949 privatum;
2079 1858 2149 1931 &
2175 1854 2454 1949 forum,

466 1978 537 2049 δι
584 1972 945 2074 porticum
1001 1995 1199 2049 extra
1231 1994 1507 2072 portam
1557 1972 2081 2074 Trigeminam,
2131 1982 2200 2053 δι
2235 1979 2448 2057 aliam

465 2094 626 2195 post
662 2094 959 2187 navalia,
1014 2100 1081 2171 &
1136 2097 1230 2169 ad
1283 2093 1533 2169 fanum
1570 2094 1940 2185 Herculis,
1991 2102 2058 2173 ὅτ
2095 2100 2252 2199 post
2287 2102 2449 2201 Spei

466 2217 559 2291 ad
614 2214 949 2291 Tiberim
998 2216 1251 2291 aedem
1286 2214 1647 2315 Apollinis
1695 2218 2000 2295 Medici.
2101 2222 2450 2300 Habuere

469 2340 537 2413 δι
576 2336 653 2410 in
675 2333 1084 2435 promiscuo
1112 2354 1464 2435 praeterea
1489 2337 1898 2437 pecuniam.
2000 2344 2118 2417 Ex
2143 2368 2226 2419 ea
2249 2372 2448 2423 com-

468 2455 788 2533 muniter
871 2459 1196 2533 locarunt
1274 2484 1538 2557 aquam
1621 2460 2143 2553 adducendam,
2227 2464 2448 2544 forni-

472 2576 731 2676 cesque
780 2576 1173 2653 faciendos.
1274 2578 1784 2677 Inpedimento
1851 2584 2052 2683 operi
2121 2586 2261 2663 fuit
2332 2594 2452 2667 M.

470 2698 805 2775 Licinius
840 2698 1143 2788 Craffus,
1195 2698 1325 2798 qui
1358 2724 1485 2799 per
1517 2698 1832 2779 fundum
1861 2703 2071 2781 suum
2097 2710 2269 2786 duci
2304 2738 2454 2790 non

472 2820 575 2896 est
623 2822 874 2919 paffus.
975 2819 1299 2894 Portoria
1346 2846 1642 2921 quoque
1693 2827 1764 2897 ὅτ
1813 2825 2184 2925 vectigalia
2232 2832 2453 2911 iidem

474 2942 707 3016 multa
778 2938 1258 3015 instituerunt.
1358 2940 1751 3042 Complura
1820 2943 2066 3021 sacella
2131 2953 2452 3050 publica,

477 3086 665 3162 quae
719 3058 1001 3135 fuerant
1050 3080 1401 3160 occupata
1441 3088 1485 3136 a
1526 3062 1842 3161 privatis,
1892 3068 2188 3166 publica
2237 3072 2452 3151 sacra-

476 3208 619 3280 que
646 3202 731 3255 ut
749 3182 992 3269 effent,
1022 3201 1483 3281 paterentque
1510 3186 1808 3282 populo,
1833 3212 2192 3267 curarunt.
2267 3196 2453 3270 Mu·

476 3322 715 3378 tarunt
762 3300 1125 3400 suffi‘agia:
1178 3301 1752 3403 regionatimque
1794 3306 2174 3409 generibus
2219 3316 2457 3391 homi-

480 3446 691 3513 num,
742 3422 1152 3522 cauffisque,
1196 3427 1267 3497 ac
1318 3420 1755 3522 quaestibus,
1805 3428 2036 3505 tribus
2085 3433 2456 3539 descripse-

477 3564 669 3620 runt.

583 3668 753 3742 LII.
840 3669 937 3741 Et
964 3667 1137 3741 alter
1160 3690 1253 3740 ex
1278 3666 1685 3743 censoribus
1721 3673 1841 3747 M.
1871 3676 2226 3755 Aemilius
2251 3684 2461 3781 petiit

404 3820 415 3831 ·
482 3789 575 3862 ab
620 3784 889 3877 senatu,
940 3808 1024 3863 ut
1064 3786 1189 3862 fibi
1242 3787 1712 3866 dedicationis
1757 3797 2190 3893 templorum
2229 3804 2459 3904 Regi·

488 3928 622 3982 nae
654 3906 965 4003 Junoni's
990 3906 1067 3979 &
1103 3908 1403 3998 Dianae,
1454 3934 1642 4007 quae
1671 3916 1858 3989 bello
1892 3916 2277 4019 Ligustino
2301 3948 2464 4002 ante

488 4023 692 4103 annis
722 4030 889 4103 oEto
912 4028 1233 4119 voviffet,
1270 4030 1578 4128 pecunia
1602 4034 1692 4107 ad
1722 4037 1928 4113 ludos
1951 4041 2464 4123 decerneretur.

492 4146 775 4251 Viginti
802 4148 1030 4226 millia
1055 4148 1232 4227 aeris
1252 4152 1738 4231 decreverunt.
1809 4160 2194 4241 Dedicavit
2217 4191 2330 4241 eas
2355 4194 2466 4243 ee-
