3100 5359
861 732 934 811 L
984 762 1013 809 1
1073 761 1128 810 13·
1174 760 1218 809 r.
1273 758 1322 809 R
1425 730 1785 810 XXXIX.
2146 759 2285 834 273

314 938 486 1011 quas
537 912 796 986 multas
845 912 938 985 ad
988 909 1392 986 animorum
1439 935 1961 1009 corporumque
2004 912 2285 984 cultum

315 1031 521 1107 nobis
555 1030 1008 1106 eruditiffima
1035 1029 1364 1104 omnium
1402 1058 1573 1130 gens
1602 1031 1897 1118 invexit,
1937 1029 2285 1103 sacrificu-

315 1155 424 1228 lus
460 1158 542 1227 δι’
563 1174 783 1227 vates:
823 1176 954 1225 nec
990 1150 1074 1238 is,
1111 1151 1239 1250 qui
1272 1173 1506 1247 aperta
1533 1149 1899 1248 religione,
1923 1150 2283 1247 propalam

320 1278 386 1346 ὅτ
445 1271 818 1371 quaestum
885 1275 954 1345 ὅτ.
1009 1270 1454 1368 disciplinam
1521 1272 1947 1369 profitendO,
2010 1269 2285 1345 animos

319 1394 598 1468 horrore
626 1391 1004 1478 imbueret,
1041 1389 1159 1463 sed
1186 1393 1634 1465 occultorum
1664 1389 1737 1463 &
1774 1378 2287 1466 nocturnorum

319 1511 594 1587 antistes
620 1510 995 1585 sacrorum.
1095 1509 1308 1584 Initia
1332 1534 1552 1599 erant,
1583 1538 1763 1609 quae
1791 1510 2023 1610 primo
2044 1512 2288 1610 paucis

319 1632 569 1707 tradita
610 1629 812 1705 sunt:
867 1630 1130 1704 deinde
1176 1630 1447 1729 vulgari
1478 1654 1725 1730 coepta
1753 1630 1911 1705 sunt
1945 1658 2068 1729 per
2098 1631 2286 1706 vi-ros

319 1750 816 1858 mulieresque.
918 1749 1236 1825 Additae
1295 1753 1690 1849 voluptates
1756 1751 2083 1849 religioni
2136 1750 2287 1825 vini

320 1874 394 1945 ὅτ
445 1874 845 1971 epularum,
907 1894 1057 1967 quo
1137 1870 1452 1968 plurium
1515 1871 1738 1945 animi
1806 1872 2287 1946 inlicerentur.

319 1997 574 2094 Qum
633 1990 886 2065 vinum
945 1982 1248 2077 animoS,
1317 1994 1384 2063 &
1430 2016 1578 2065 nox
1638 1995 1705 2065 &
1748 1993 1956 2067 mixti
2006 1992 2291 2068 feminis

318 2138 568 2200 marea,
626 2109 868 2185 aetatis
902 2130 1174 2184 tenerae
1203 2110 1610 2207 majoribus,
1658 2111 2035 2187 discrimen
2073 2140 2289 2188 omne

317 2232 612 2331 pudoris
654 2230 1184 2318 exstinxiffent3
1237 2234 1671 2329 corruptelae
1705 2232 2022 2329 primum
2056 2232 2293 2308 omnis

317 2350 590 2453 generis
611 2350 762 2425 fieri
797 2372 1111 2448 coeptae,
1141 2376 1372 2447 quum
1399 2354 1490 2425 ad
1525 2352 1601 2426 id
1624 2352 1951 2451 quisque,
1980 2380 2129 2452 quo
2164 2381 2286 2428 na-

317 2494 478 2546 tura
508 2469 854 2570 pronioris
898 2469 1221 2545 libidinis
1265 2473 1454 2559 esset,
1490 2496 1801 2570 paratam
1852 2475 2293 2571 voluptatem

315 2594 628 2668 haberet.
727 2593 891 2665 Nec
925 2616 1153 2665 unum
1191 2616 1416 2689 genus
1451 2617 1704 2680 noxae,
1735 2593 1969 2691 stupra
2000 2594 2293 2692 promis-

316 2739 455 2790 cua
511 2712 992 2811 ingenuorum
1029 2710 1628 2810 feminarumque,
1684 2736 1917 2789 erant:
1973 2714 2089 2790 sed
2148 2716 2292 2791 falfi

315 2833 560 2920 testes»,
603 2830 766 2905 falsa
823 2835 1012 2929 figna
1044 2829 1587 2930 testimoniaque
1622 2835 1689 2904 &
1731 2831 2000 2909 indicia
2050 2862 2139 2909 ex
2186 2862 2298 2911 ea-

315 2956 489 3028 dem
533 2949 820 3027 officina
863 2950 1174 3025 exibant.
1279 2953 1572 3027 Venena
1634 2950 1960 3029 indidem
2027 2954 2292 3031 intesti-

315 3098 598 3171 naeque
623 3071 905 3145 caedes:
944 3068 1042 3143 ita
1066 3092 1148 3143 ut
1178 3096 1264 3144 ne
1286 3096 1581 3168 corpora
1610 3070 1908 3170 quidem
1932 3074 2294 3152 interdum

314 3195 412 3271 ad
461 3191 893 3291 sepulturam
947 3190 1314 3264 exstarent.
1416 3193 1659 3267 Multa
1702 3193 1897 3282 dolo,
1958 3196 2295 3294 pleraque

315 3340 446 3413 per
483 3312 640 3387 vim
665 3312 1131 3386 audebantur.
1232 3313 1629 3386 Occulebat
1659 3311 1836 3401 vim,
1898 3317 2097 3412 quod
2132 3343 2297 3414 prae

313 3432 735 3519 ululatibuS,
790 3451 1440 3531 tympanorumque
1475 3436 1544 3505 ὅτ
1591 3437 2083 3531 cymbalorum
2132 3437 2297 3512 stre-

317 3554 507 3655 pitu,
535 3553 732 3627 nulla
763 3576 900 3627 vox
938 3550 1434 3651 quiritantium
1467 3550 1648 3626 inter
1680 3554 1917 3654 stupra
1948 3560 2013 3630 &
2048 3560 2297 3654 caedes

321 3672 659 3749 exaudiri·
675 3691 968 3769 poterat.

415 3792 555 3868 IX.
657 3792 906 3887 Hujus
929 3791 1094 3866 mali
1129 3792 1318 3867 labes
1353 3818 1445 3866 ex
1482 3793 1767 3867 Etruria
1798 3796 2142 3883 Romam,
2176 3824 2297 3872 ve·

319 3914 430 3989 lut
475 3911 904 4011 contagione
959 3911 1220 4000 morbi,
1286 3913 1698 4009 penetravit.
1799 3913 2042 3990 Primo
2102 3919 2308 3993 urbis‘

321 4033 744 4135 magnitudo
766 4032 1088 4131 capacior
1106 4031 1629 4131 patientiorque
1662 4032 1915 4109 talium
1946 4040 2299 4114 malorum

321 4180 406 4229 ea
455 4153 753 4231 celavitz
806 4154 1100 4231 tandem
1154 4152 1509 4230 indicium
1565 4158 1703 4231 hoc
1732 4155 2044 4233 maxime
2078 4160 2299 4233 modo

1288 4276 1363 4355 T
