<?xml version="1.0" encoding="UTF-8"?>
<!DOCTYPE html PUBLIC "-//W3C//DTD XHTML 1.0 Transitional//EN"
    "http://www.w3.org/TR/xhtml1/DTD/xhtml1-transitional.dtd">
<html xmlns="http://www.w3.org/1999/xhtml" xml:lang="en" lang="en">
 <head>
  <title>
</title>
<meta http-equiv="Content-Type" content="text/html;charset=utf-8" />
  <meta name='ocr-system' content='tesseract 3.04.00' />
  <meta name='ocr-capabilities' content='ocr_page ocr_carea ocr_par ocr_line ocrx_word'/>
</head>
<body>
  <div class='ocr_page' id='page_1' title='image "./tliviipatavinih01homegoog_0115.png"; bbox 0 0 3100 5359; ppageno 0'>
   <div class='ocr_carea' id='block_1_1' title="bbox 839 713 2335 816">
    <p class='ocr_par' dir='ltr' id='par_1_1' title="bbox 839 713 2335 816">
     <span class='ocr_line' id='line_1_1' title="bbox 839 713 2335 816; baseline 0.003 -30"><span class='ocrx_word' id='word_1_1' title='bbox 839 775 852 786; x_wconf 90' lang='lat'><strong>.</strong></span> <span class='ocrx_word' id='word_1_2' title='bbox 903 714 978 787; x_wconf 94' lang='lat' dir='ltr'>L</span> <span class='ocrx_word' id='word_1_3' title='bbox 1027 739 1057 786; x_wconf 90' lang='lat'>1</span> <span class='ocrx_word' id='word_1_4' title='bbox 1117 737 1158 786; x_wconf 76' lang='grc' dir='ltr'><strong><em>Β</em></strong></span> <span class='ocrx_word' id='word_1_5' title='bbox 1215 737 1260 787; x_wconf 70' lang='grc' dir='ltr'><strong>Β</strong></span> <span class='ocrx_word' id='word_1_6' title='bbox 1317 736 1364 786; x_wconf 78' lang='lat' dir='ltr'>R</span> <span class='ocrx_word' id='word_1_7' title='bbox 1465 713 1855 788; x_wconf 89' lang='lat' dir='ltr'>XXXVII.</span> <span class='ocrx_word' id='word_1_8' title='bbox 2204 741 2335 816; x_wconf 89' lang='lat'>107</span> 
     </span>
    </p>
   </div>
   <div class='ocr_carea' id='block_1_2' title="bbox 346 882 2333 4222">
    <p class='ocr_par' dir='ltr' id='par_1_2' title="bbox 353 882 2333 2758">
     <span class='ocr_line' id='line_1_2' title="bbox 354 882 2333 988; baseline 0.002 -26"><span class='ocrx_word' id='word_1_9' title='bbox 354 909 496 974; x_wconf 87' lang='lat' dir='ltr'>tes,</span> <span class='ocrx_word' id='word_1_10' title='bbox 555 882 916 962; x_wconf 86' lang='lat' dir='ltr'>miserunt.</span> <span class='ocrx_word' id='word_1_11' title='bbox 1017 887 1414 963; x_wconf 89' lang='lat' dir='ltr'>Aemilium</span> <span class='ocrx_word' id='word_1_12' title='bbox 1449 890 1526 962; x_wconf 79' lang='grc' dir='ltr'>ὅτ.</span> <span class='ocrx_word' id='word_1_13' title='bbox 1550 888 1741 964; x_wconf 87' lang='lat' dir='ltr'>Sami</span> <span class='ocrx_word' id='word_1_14' title='bbox 1767 887 1992 988; x_wconf 89' lang='lat' dir='ltr'>segnis</span> <span class='ocrx_word' id='word_1_15' title='bbox 2018 887 2143 964; x_wconf 84' lang='lat' dir='ltr'>diu</span> <span class='ocrx_word' id='word_1_16' title='bbox 2180 917 2333 965; x_wconf 89' lang='lat' dir='ltr'>mo-</span> 
     </span>
     <span class='ocr_line' id='line_1_3' title="bbox 357 1005 2333 1107; baseline 0.001 -25"><span class='ocrx_word' id='word_1_17' title='bbox 357 1035 440 1082; x_wconf 80' lang='lat' dir='ltr'>ra</span> <span class='ocrx_word' id='word_1_18' title='bbox 473 1005 938 1095; x_wconf 90' lang='lat' dir='ltr'>obfendebat‚</span> <span class='ocrx_word' id='word_1_19' title='bbox 975 1007 1155 1081; x_wconf 88' lang='lat' dir='ltr'>nihil</span> <span class='ocrx_word' id='word_1_20' title='bbox 1178 1008 1414 1083; x_wconf 89' lang='lat' dir='ltr'>minus</span> <span class='ocrx_word' id='word_1_21' title='bbox 1448 1009 1887 1107; x_wconf 85' lang='lat' dir='ltr'><strong>opinantem,</strong></span> <span class='ocrx_word' id='word_1_22' title='bbox 1948 1034 2167 1106; x_wconf 89' lang='lat' dir='ltr'>quam</span> <span class='ocrx_word' id='word_1_23' title='bbox 2197 1013 2333 1084; x_wconf 90' lang='lat' dir='ltr'>Po·</span> 
     </span>
     <span class='ocr_line' id='line_1_4' title="bbox 353 1126 2331 1226; baseline 0.001 -26"><span class='ocrx_word' id='word_1_24' title='bbox 353 1126 804 1226; x_wconf 84' lang='lat' dir='ltr'>lyxenidam,</span> <span class='ocrx_word' id='word_1_25' title='bbox 871 1126 979 1202; x_wconf 89' lang='lat' dir='ltr'>bis</span> <span class='ocrx_word' id='word_1_26' title='bbox 1037 1127 1530 1226; x_wconf 85' lang='lat' dir='ltr'><strong>nequidquam</strong></span> <span class='ocrx_word' id='word_1_27' title='bbox 1588 1132 1679 1202; x_wconf 91' lang='lat' dir='ltr'>ab</span> <span class='ocrx_word' id='word_1_28' title='bbox 1732 1129 1799 1202; x_wconf 91' lang='lat' dir='ltr'>se</span> <span class='ocrx_word' id='word_1_29' title='bbox 1842 1150 2331 1226; x_wconf 87' lang='lat' dir='ltr'>provocatum,</span> 
     </span>
     <span class='ocr_line' id='line_1_5' title="bbox 357 1247 2333 1346; baseline 0.001 -26"><span class='ocrx_word' id='word_1_30' title='bbox 357 1247 784 1346; x_wconf 88' lang='lat' dir='ltr'>potestatem</span> <span class='ocrx_word' id='word_1_31' title='bbox 817 1272 1099 1346; x_wconf 86' lang='lat' dir='ltr'>pugnae</span> <span class='ocrx_word' id='word_1_32' title='bbox 1133 1247 1482 1320; x_wconf 64' lang='lat' dir='ltr'>facturum</span> <span class='ocrx_word' id='word_1_33' title='bbox 1519 1251 1687 1321; x_wconf 86' lang='lat' dir='ltr'>effe:</span> <span class='ocrx_word' id='word_1_34' title='bbox 1758 1252 1827 1321; x_wconf 89' lang='lat'>&amp;</span> <span class='ocrx_word' id='word_1_35' title='bbox 1862 1268 2067 1346; x_wconf 88' lang='lat' dir='ltr'>turpe</span> <span class='ocrx_word' id='word_1_36' title='bbox 2100 1247 2333 1321; x_wconf 82' lang='lat' dir='ltr'>existi-</span> 
     </span>
     <span class='ocr_line' id='line_1_6' title="bbox 356 1365 2333 1462; baseline 0.001 -22"><span class='ocrx_word' id='word_1_37' title='bbox 356 1369 633 1454; x_wconf 87' lang='lat' dir='ltr'>mabat,</span> <span class='ocrx_word' id='word_1_38' title='bbox 716 1365 1062 1441; x_wconf 87' lang='lat' dir='ltr'>Eumenis</span> <span class='ocrx_word' id='word_1_39' title='bbox 1113 1368 1389 1440; x_wconf 83' lang='lat' dir='ltr'>claffem</span> <span class='ocrx_word' id='word_1_40' title='bbox 1434 1367 1759 1462; x_wconf 85' lang='lat' dir='ltr'>adjuvare</span> <span class='ocrx_word' id='word_1_41' title='bbox 1812 1365 2174 1441; x_wconf 90' lang='lat' dir='ltr'>consulem</span> <span class='ocrx_word' id='word_1_42' title='bbox 2238 1369 2333 1442; x_wconf 88' lang='lat' dir='ltr'>ad</span> 
     </span>
     <span class='ocr_line' id='line_1_7' title="bbox 355 1485 2331 1584; baseline 0.001 -24"><span class='ocrx_word' id='word_1_43' title='bbox 355 1485 804 1582; x_wconf 87' lang='lat' dir='ltr'>trajiciendas</span> <span class='ocrx_word' id='word_1_44' title='bbox 835 1485 910 1559; x_wconf 90' lang='lat' dir='ltr'>in</span> <span class='ocrx_word' id='word_1_45' title='bbox 946 1489 1182 1561; x_wconf 85' lang='lat' dir='ltr'>Afiam</span> <span class='ocrx_word' id='word_1_46' title='bbox 1216 1485 1575 1584; x_wconf 87' lang='lat' dir='ltr'>legiones;</span> <span class='ocrx_word' id='word_1_47' title='bbox 1631 1487 1699 1560; x_wconf 91' lang='lat' dir='ltr'>se</span> <span class='ocrx_word' id='word_1_48' title='bbox 1734 1486 2173 1583; x_wconf 86' lang='lat' dir='ltr'>Colophonis</span> <span class='ocrx_word' id='word_1_49' title='bbox 2202 1489 2331 1562; x_wconf 89' lang='lat' dir='ltr'>ob-</span> 
     </span>
     <span class='ocr_line' id='line_1_8' title="bbox 355 1605 2330 1706; baseline 0 -26"><span class='ocrx_word' id='word_1_50' title='bbox 355 1605 566 1680; x_wconf 84' lang='lat' dir='ltr'>seffae</span> <span class='ocrx_word' id='word_1_51' title='bbox 611 1605 907 1694; x_wconf 87' lang='lat' dir='ltr'>auxilio,</span> <span class='ocrx_word' id='word_1_52' title='bbox 973 1605 1314 1680; x_wconf 87' lang='lat' dir='ltr'>incertam</span> <span class='ocrx_word' id='word_1_53' title='bbox 1343 1607 1563 1680; x_wconf 90' lang='lat' dir='ltr'>finem</span> <span class='ocrx_word' id='word_1_54' title='bbox 1598 1605 1956 1692; x_wconf 81' lang='lat' dir='ltr'>habitum,</span> <span class='ocrx_word' id='word_1_55' title='bbox 2013 1605 2330 1706; x_wconf 88' lang='lat' dir='ltr'>adligari.</span> 
     </span>
     <span class='ocr_line' id='line_1_9' title="bbox 357 1724 2330 1824; baseline -0.001 -24"><span class='ocrx_word' id='word_1_56' title='bbox 357 1727 742 1800; x_wconf 85' lang='lat' dir='ltr'>Eudamus</span> <span class='ocrx_word' id='word_1_57' title='bbox 795 1725 1156 1812; x_wconf 87' lang='lat' dir='ltr'>Rhodius,</span> <span class='ocrx_word' id='word_1_58' title='bbox 1207 1724 1337 1824; x_wconf 87' lang='lat' dir='ltr'>qui</span> <span class='ocrx_word' id='word_1_59' title='bbox 1393 1730 1462 1799; x_wconf 78' lang='grc' dir='ltr'>ὅτ</span> <span class='ocrx_word' id='word_1_60' title='bbox 1513 1745 1834 1798; x_wconf 90' lang='lat' dir='ltr'>tenuerat</span> <span class='ocrx_word' id='word_1_61' title='bbox 1884 1749 2053 1799; x_wconf 90' lang='lat' dir='ltr'>eum</span> <span class='ocrx_word' id='word_1_62' title='bbox 2110 1727 2330 1816; x_wconf 85' lang='lat' dir='ltr'>Sami,</span> 
     </span>
     <span class='ocr_line' id='line_1_10' title="bbox 357 1843 2330 1945; baseline 0.001 -26"><span class='ocrx_word' id='word_1_63' title='bbox 357 1844 778 1942; x_wconf 85' lang='lat' dir='ltr'>cupientem</span> <span class='ocrx_word' id='word_1_64' title='bbox 811 1844 1156 1943; x_wconf 87' lang='lat' dir='ltr'>proficisci</span> <span class='ocrx_word' id='word_1_65' title='bbox 1192 1843 1268 1917; x_wconf 90' lang='lat' dir='ltr'>in</span> <span class='ocrx_word' id='word_1_66' title='bbox 1305 1843 1883 1942; x_wconf 87' lang='lat' dir='ltr'>Hellespontum,</span> <span class='ocrx_word' id='word_1_67' title='bbox 1943 1846 2330 1945; x_wconf 69' lang='lat' dir='ltr'>cunctique</span> 
     </span>
     <span class='ocr_line' id='line_1_11' title="bbox 359 1963 2329 2063; baseline 0.001 -25"><span class='ocrx_word' id='word_1_68' title='bbox 359 1964 616 2038; x_wconf 84' lang='lat' dir='ltr'>instare</span> <span class='ocrx_word' id='word_1_69' title='bbox 647 1969 716 2038; x_wconf 77' lang='grc' dir='ltr'>ὅτ</span> <span class='ocrx_word' id='word_1_70' title='bbox 763 1964 1024 2052; x_wconf 87' lang='lat' dir='ltr'>dicere,</span> <span class='ocrx_word' id='word_1_71' title='bbox 1089 1975 1138 2007; x_wconf 75' lang='lat'>‘⁶</span> <span class='ocrx_word' id='word_1_72' title='bbox 1176 1969 1470 2063; x_wconf 85' lang='lat' dir='ltr'>Qanto</span> <span class='ocrx_word' id='word_1_73' title='bbox 1497 1963 1706 2038; x_wconf 87' lang='lat' dir='ltr'>satius</span> <span class='ocrx_word' id='word_1_74' title='bbox 1740 1966 1898 2051; x_wconf 87' lang='lat' dir='ltr'>effe,</span> <span class='ocrx_word' id='word_1_75' title='bbox 1965 1967 2079 2039; x_wconf 82' lang='lat' dir='ltr'>vel</span> <span class='ocrx_word' id='word_1_76' title='bbox 2108 1965 2329 2040; x_wconf 87' lang='lat' dir='ltr'>socios</span> 
     </span>
     <span class='ocr_line' id='line_1_12' title="bbox 359 2081 2329 2178; baseline 0.001 -20"><span class='ocrx_word' id='word_1_77' title='bbox 359 2096 414 2130; x_wconf 89' lang='lat'><strong>“</strong></span> <span class='ocrx_word' id='word_1_78' title='bbox 456 2084 816 2160; x_wconf 86' lang='lat' dir='ltr'>obfidione</span> <span class='ocrx_word' id='word_1_79' title='bbox 843 2083 1175 2168; x_wconf 83' lang='lat' dir='ltr'>eximere,</span> <span class='ocrx_word' id='word_1_80' title='bbox 1201 2084 1314 2155; x_wconf 89' lang='lat' dir='ltr'>vel</span> <span class='ocrx_word' id='word_1_81' title='bbox 1347 2081 1769 2178; x_wconf 65' lang='lat' dir='ltr'>victamjam</span> <span class='ocrx_word' id='word_1_82' title='bbox 1802 2082 2014 2157; x_wconf 89' lang='lat' dir='ltr'>semel</span> <span class='ocrx_word' id='word_1_83' title='bbox 2046 2087 2329 2160; x_wconf 80' lang='lat' dir='ltr'>classem</span> 
     </span>
     <span class='ocr_line' id='line_1_13' title="bbox 357 2201 2326 2300; baseline 0.001 -23"><span class='ocrx_word' id='word_1_84' title='bbox 357 2215 415 2250; x_wconf 87' lang='lat'><strong>“</strong></span> <span class='ocrx_word' id='word_1_85' title='bbox 455 2204 714 2278; x_wconf 87' lang='lat' dir='ltr'>iterum</span> <span class='ocrx_word' id='word_1_86' title='bbox 767 2209 1074 2291; x_wconf 88' lang='lat' dir='ltr'>vincere,</span> <span class='ocrx_word' id='word_1_87' title='bbox 1141 2221 1507 2296; x_wconf 86' lang='lat' dir='ltr'>totamque</span> <span class='ocrx_word' id='word_1_88' title='bbox 1578 2201 1787 2276; x_wconf 87' lang='lat' dir='ltr'>maris</span> <span class='ocrx_word' id='word_1_89' title='bbox 1845 2205 2326 2300; x_wconf 84' lang='lat' dir='ltr'>poffeffionem</span> 
     </span>
     <span class='ocr_line' id='line_1_14' title="bbox 358 2320 2327 2421; baseline 0.001 -24"><span class='ocrx_word' id='word_1_90' title='bbox 358 2336 414 2368; x_wconf 86' lang='lat'><strong>“</strong></span> <span class='ocrx_word' id='word_1_91' title='bbox 453 2324 634 2398; x_wconf 89' lang='lat' dir='ltr'>hosti</span> <span class='ocrx_word' id='word_1_92' title='bbox 666 2323 954 2421; x_wconf 88' lang='lat' dir='ltr'>eripere,</span> <span class='ocrx_word' id='word_1_93' title='bbox 1009 2347 1252 2420; x_wconf 92' lang='lat' dir='ltr'>quam,</span> <span class='ocrx_word' id='word_1_94' title='bbox 1305 2320 1588 2396; x_wconf 89' lang='lat' dir='ltr'>desertis</span> <span class='ocrx_word' id='word_1_95' title='bbox 1626 2320 1852 2410; x_wconf 76' lang='lat' dir='ltr'>sociiS,</span> <span class='ocrx_word' id='word_1_96' title='bbox 1888 2321 2141 2397; x_wconf 86' lang='lat' dir='ltr'>tradita</span> <span class='ocrx_word' id='word_1_97' title='bbox 2174 2330 2327 2398; x_wconf 89' lang='lat' dir='ltr'>An-</span> 
     </span>
     <span class='ocr_line' id='line_1_15' title="bbox 359 2439 2325 2542; baseline 0.001 -25"><span class='ocrx_word' id='word_1_98' title='bbox 359 2455 416 2488; x_wconf 90' lang='lat'><strong>“</strong></span> <span class='ocrx_word' id='word_1_99' title='bbox 449 2443 692 2518; x_wconf 86' lang='lat' dir='ltr'>tiocho</span> <span class='ocrx_word' id='word_1_100' title='bbox 748 2446 909 2517; x_wconf 89' lang='lat' dir='ltr'>Afia</span> <span class='ocrx_word' id='word_1_101' title='bbox 968 2463 1143 2516; x_wconf 87' lang='lat' dir='ltr'>terra</span> <span class='ocrx_word' id='word_1_102' title='bbox 1207 2439 1555 2539; x_wconf 90' lang='lat' dir='ltr'>marique,</span> <span class='ocrx_word' id='word_1_103' title='bbox 1611 2441 1687 2514; x_wconf 91' lang='lat' dir='ltr'>in</span> <span class='ocrx_word' id='word_1_104' title='bbox 1748 2441 2325 2542; x_wconf 88' lang='lat' dir='ltr'>Hellespontum,</span> 
     </span>
     <span class='ocr_line' id='line_1_16' title="bbox 359 2560 2326 2660; baseline 0.001 -24"><span class='ocrx_word' id='word_1_105' title='bbox 359 2573 418 2608; x_wconf 87' lang='lat'><strong>“</strong></span> <span class='ocrx_word' id='word_1_106' title='bbox 456 2563 584 2638; x_wconf 90' lang='lat' dir='ltr'>ubi</span> <span class='ocrx_word' id='word_1_107' title='bbox 614 2561 768 2636; x_wconf 87' lang='lat' dir='ltr'>satis</span> <span class='ocrx_word' id='word_1_108' title='bbox 799 2563 966 2636; x_wconf 87' lang='lat' dir='ltr'>effet</span> <span class='ocrx_word' id='word_1_109' title='bbox 1021 2560 1369 2636; x_wconf 87' lang='lat' dir='ltr'>Eumenis</span> <span class='ocrx_word' id='word_1_110' title='bbox 1402 2560 1645 2648; x_wconf 76' lang='lat' dir='ltr'>claffiS,</span> <span class='ocrx_word' id='word_1_111' title='bbox 1679 2563 1769 2637; x_wconf 88' lang='lat' dir='ltr'>ab</span> <span class='ocrx_word' id='word_1_112' title='bbox 1802 2561 1923 2635; x_wconf 87' lang='lat' dir='ltr'>sua</span> <span class='ocrx_word' id='word_1_113' title='bbox 1951 2584 2144 2660; x_wconf 90' lang='lat' dir='ltr'>parte</span> <span class='ocrx_word' id='word_1_114' title='bbox 2178 2565 2326 2638; x_wconf 92' lang='lat' dir='ltr'>bel-</span> 
     </span>
     <span class='ocr_line' id='line_1_17' title="bbox 359 2680 988 2758; baseline 0 -2"><span class='ocrx_word' id='word_1_115' title='bbox 359 2691 416 2748; x_wconf 63' lang='lat' dir='ltr'>‘f</span> <span class='ocrx_word' id='word_1_116' title='bbox 449 2681 502 2756; x_wconf 91' lang='lat' dir='ltr'>li</span> <span class='ocrx_word' id='word_1_117' title='bbox 533 2680 886 2758; x_wconf 88' lang='lat' dir='ltr'>discedere</span> <span class='ocrx_word' id='word_1_118' title='bbox 911 2683 988 2756; x_wconf 81' lang='lat'>?”</span> 
     </span>
    </p>

    <p class='ocr_par' dir='ltr' id='par_1_3' title="bbox 346 2800 2328 4222">
     <span class='ocr_line' id='line_1_18' title="bbox 456 2800 2325 2902; baseline 0.001 -24"><span class='ocrx_word' id='word_1_119' title='bbox 456 2805 774 2878; x_wconf 86' lang='lat' dir='ltr'><strong>XXVII.</strong></span> <span class='ocrx_word' id='word_1_120' title='bbox 873 2800 1182 2876; x_wconf 65' lang='lat' dir='ltr'>Profecti</span> <span class='ocrx_word' id='word_1_121' title='bbox 1233 2803 1324 2876; x_wconf 89' lang='lat' dir='ltr'>ab</span> <span class='ocrx_word' id='word_1_122' title='bbox 1357 2803 1569 2875; x_wconf 88' lang='lat' dir='ltr'>Samo</span> <span class='ocrx_word' id='word_1_123' title='bbox 1622 2803 1715 2876; x_wconf 87' lang='lat' dir='ltr'>ad</span> <span class='ocrx_word' id='word_1_124' title='bbox 1746 2805 2095 2899; x_wconf 87' lang='lat' dir='ltr'>petendos</span> <span class='ocrx_word' id='word_1_125' title='bbox 2129 2829 2325 2902; x_wconf 53' lang='lat' dir='ltr'>comf</span> 
     </span>
     <span class='ocr_line' id='line_1_19' title="bbox 355 2920 2328 3022; baseline 0.001 -28"><span class='ocrx_word' id='word_1_126' title='bbox 355 2940 659 3009; x_wconf 61' lang='lat' dir='ltr'>meatus„</span> <span class='ocrx_word' id='word_1_127' title='bbox 706 2920 1087 2996; x_wconf 89' lang='lat' dir='ltr'>consumtis</span> <span class='ocrx_word' id='word_1_128' title='bbox 1106 2922 1258 3016; x_wconf 89' lang='lat' dir='ltr'>jam</span> <span class='ocrx_word' id='word_1_129' title='bbox 1291 2920 1656 3008; x_wconf 89' lang='lat' dir='ltr'>omnibus,</span> <span class='ocrx_word' id='word_1_130' title='bbox 1696 2923 1965 2997; x_wconf 87' lang='lat' dir='ltr'>Chium</span> <span class='ocrx_word' id='word_1_131' title='bbox 1992 2927 2328 3022; x_wconf 87' lang='lat' dir='ltr'>parabant</span> 
     </span>
     <span class='ocr_line' id='line_1_20' title="bbox 353 3039 2324 3139; baseline 0.002 -26"><span class='ocrx_word' id='word_1_132' title='bbox 353 3039 690 3136; x_wconf 87' lang='lat' dir='ltr'>trajicere.</span> <span class='ocrx_word' id='word_1_133' title='bbox 789 3041 878 3115; x_wconf 91' lang='lat' dir='ltr'>Id</span> <span class='ocrx_word' id='word_1_134' title='bbox 904 3059 1048 3115; x_wconf 87' lang='lat' dir='ltr'>erat</span> <span class='ocrx_word' id='word_1_135' title='bbox 1077 3043 1408 3114; x_wconf 90' lang='lat' dir='ltr'>horreum</span> <span class='ocrx_word' id='word_1_136' title='bbox 1443 3039 1839 3128; x_wconf 82' lang='lat' dir='ltr'>Romanis3</span> <span class='ocrx_word' id='word_1_137' title='bbox 1906 3067 2139 3139; x_wconf 89' lang='lat' dir='ltr'>eoque</span> <span class='ocrx_word' id='word_1_138' title='bbox 2170 3069 2324 3136; x_wconf 85' lang='lat' dir='ltr'>om-</span> 
     </span>
     <span class='ocr_line' id='line_1_21' title="bbox 353 3159 2327 3261; baseline 0.002 -28"><span class='ocrx_word' id='word_1_139' title='bbox 353 3185 482 3233; x_wconf 87' lang='lat' dir='ltr'>nes</span> <span class='ocrx_word' id='word_1_140' title='bbox 515 3185 604 3233; x_wconf 83' lang='lat' dir='ltr'>ex</span> <span class='ocrx_word' id='word_1_141' title='bbox 637 3159 854 3233; x_wconf 87' lang='lat' dir='ltr'>Italia</span> <span class='ocrx_word' id='word_1_142' title='bbox 893 3160 1129 3236; x_wconf 85' lang='lat' dir='ltr'>miffae</span> <span class='ocrx_word' id='word_1_143' title='bbox 1187 3159 1538 3236; x_wconf 87' lang='lat' dir='ltr'>onerariae</span> <span class='ocrx_word' id='word_1_144' title='bbox 1584 3160 1983 3261; x_wconf 77' lang='lat' dir='ltr'>dirigebant</span> <span class='ocrx_word' id='word_1_145' title='bbox 2016 3161 2327 3238; x_wconf 88' lang='lat' dir='ltr'>cursum.</span> 
     </span>
     <span class='ocr_line' id='line_1_22' title="bbox 351 3279 2327 3379; baseline 0.001 -24"><span class='ocrx_word' id='word_1_146' title='bbox 351 3279 838 3356; x_wconf 71' lang='lat' dir='ltr'>Circumveffi</span> <span class='ocrx_word' id='word_1_147' title='bbox 893 3285 984 3355; x_wconf 93' lang='lat' dir='ltr'>ab</span> <span class='ocrx_word' id='word_1_148' title='bbox 1037 3284 1212 3357; x_wconf 90' lang='lat' dir='ltr'>urbe</span> <span class='ocrx_word' id='word_1_149' title='bbox 1265 3282 1358 3354; x_wconf 92' lang='lat' dir='ltr'>ad</span> <span class='ocrx_word' id='word_1_150' title='bbox 1410 3279 1643 3355; x_wconf 85' lang='lat' dir='ltr'>aversa</span> <span class='ocrx_word' id='word_1_151' title='bbox 1693 3280 1955 3370; x_wconf 85' lang='lat' dir='ltr'>insulae</span> <span class='ocrx_word' id='word_1_152' title='bbox 2024 3283 2327 3379; x_wconf 65' lang='lat' dir='ltr'>(objecta</span> 
     </span>
     <span class='ocr_line' id='line_1_23' title="bbox 350 3398 2323 3500; baseline 0.003 -29"><span class='ocrx_word' id='word_1_153' title='bbox 350 3398 676 3498; x_wconf 82' lang='lat' dir='ltr'>aquiloni</span> <span class='ocrx_word' id='word_1_154' title='bbox 728 3402 821 3474; x_wconf 86' lang='lat' dir='ltr'>ad</span> <span class='ocrx_word' id='word_1_155' title='bbox 869 3400 1139 3476; x_wconf 88' lang='lat' dir='ltr'>Chium</span> <span class='ocrx_word' id='word_1_156' title='bbox 1174 3405 1243 3474; x_wconf 80' lang='grc' dir='ltr'>ὅτ</span> <span class='ocrx_word' id='word_1_157' title='bbox 1280 3403 1613 3500; x_wconf 86' lang='lat' dir='ltr'>Erythras</span> <span class='ocrx_word' id='word_1_158' title='bbox 1639 3400 1828 3494; x_wconf 90' lang='lat' dir='ltr'>sunt)</span> <span class='ocrx_word' id='word_1_159' title='bbox 1868 3427 2097 3498; x_wconf 90' lang='lat' dir='ltr'>quum</span> <span class='ocrx_word' id='word_1_160' title='bbox 2129 3427 2323 3499; x_wconf 88' lang='lat' dir='ltr'>para-</span> 
     </span>
     <span class='ocr_line' id='line_1_24' title="bbox 349 3517 2325 3618; baseline -0.001 -22"><span class='ocrx_word' id='word_1_161' title='bbox 349 3541 512 3596; x_wconf 86' lang='lat' dir='ltr'>rent</span> <span class='ocrx_word' id='word_1_162' title='bbox 540 3520 872 3615; x_wconf 86' lang='lat' dir='ltr'>trajicere,</span> <span class='ocrx_word' id='word_1_163' title='bbox 938 3519 1155 3595; x_wconf 89' lang='lat' dir='ltr'>literis</span> <span class='ocrx_word' id='word_1_164' title='bbox 1209 3520 1462 3595; x_wconf 87' lang='lat' dir='ltr'>certior</span> <span class='ocrx_word' id='word_1_165' title='bbox 1509 3523 1591 3594; x_wconf 92' lang='lat' dir='ltr'>fit</span> <span class='ocrx_word' id='word_1_166' title='bbox 1634 3542 1932 3618; x_wconf 88' lang='lat' dir='ltr'>praetor,</span> <span class='ocrx_word' id='word_1_167' title='bbox 1986 3517 2325 3595; x_wconf 86' lang='lat' dir='ltr'>frumenti</span> 
     </span>
     <span class='ocr_line' id='line_1_25' title="bbox 347 3638 2324 3739; baseline -0.001 -24"><span class='ocrx_word' id='word_1_168' title='bbox 347 3640 504 3715; x_wconf 82' lang='lat' dir='ltr'>vim</span> <span class='ocrx_word' id='word_1_169' title='bbox 557 3639 892 3739; x_wconf 84' lang='lat' dir='ltr'>magnam</span> <span class='ocrx_word' id='word_1_170' title='bbox 945 3639 1216 3716; x_wconf 87' lang='lat' dir='ltr'>Chium</span> <span class='ocrx_word' id='word_1_171' title='bbox 1276 3667 1366 3713; x_wconf 83' lang='lat' dir='ltr'>ex</span> <span class='ocrx_word' id='word_1_172' title='bbox 1419 3640 1619 3714; x_wconf 89' lang='lat' dir='ltr'>Italia</span> <span class='ocrx_word' id='word_1_173' title='bbox 1682 3638 1990 3726; x_wconf 84' lang='lat' dir='ltr'>veniffe3</span> <span class='ocrx_word' id='word_1_174' title='bbox 2069 3638 2324 3714; x_wconf 86' lang='lat' dir='ltr'>vinum</span> 
     </span>
     <span class='ocr_line' id='line_1_26' title="bbox 348 3757 2323 3860; baseline 0 -28"><span class='ocrx_word' id='word_1_175' title='bbox 348 3780 708 3860; x_wconf 86' lang='lat' dir='ltr'>portantes</span> <span class='ocrx_word' id='word_1_176' title='bbox 735 3787 942 3836; x_wconf 89' lang='lat' dir='ltr'>naves</span> <span class='ocrx_word' id='word_1_177' title='bbox 963 3759 1489 3859; x_wconf 86' lang='lat' dir='ltr'>tempestatibus</span> <span class='ocrx_word' id='word_1_178' title='bbox 1517 3779 1815 3833; x_wconf 88' lang='lat' dir='ltr'>retentas</span> <span class='ocrx_word' id='word_1_179' title='bbox 1836 3757 1995 3832; x_wconf 85' lang='lat' dir='ltr'>effe.</span> <span class='ocrx_word' id='word_1_180' title='bbox 2090 3757 2323 3832; x_wconf 88' lang='lat' dir='ltr'>Simul</span> 
     </span>
     <span class='ocr_line' id='line_1_27' title="bbox 347 3877 2323 3978; baseline -0.001 -24"><span class='ocrx_word' id='word_1_181' title='bbox 347 3881 672 3954; x_wconf 82' lang='lat' dir='ltr'>adlatum</span> <span class='ocrx_word' id='word_1_182' title='bbox 705 3881 830 3968; x_wconf 87' lang='lat' dir='ltr'>est,</span> <span class='ocrx_word' id='word_1_183' title='bbox 883 3881 1096 3976; x_wconf 87' lang='lat' dir='ltr'>Tejos</span> <span class='ocrx_word' id='word_1_184' title='bbox 1128 3877 1358 3978; x_wconf 84' lang='lat' dir='ltr'>regiae</span> <span class='ocrx_word' id='word_1_185' title='bbox 1393 3881 1578 3954; x_wconf 85' lang='lat' dir='ltr'>claffi</span> <span class='ocrx_word' id='word_1_186' title='bbox 1612 3877 1919 3976; x_wconf 89' lang='lat' dir='ltr'>benigne</span> <span class='ocrx_word' id='word_1_187' title='bbox 1970 3903 2323 3952; x_wconf 85' lang='lat' dir='ltr'>commea-</span> 
     </span>
     <span class='ocr_line' id='line_1_28' title="bbox 349 3995 2323 4096; baseline -0.002 -23"><span class='ocrx_word' id='word_1_188' title='bbox 349 4021 472 4073; x_wconf 85' lang='lat' dir='ltr'>tus</span> <span class='ocrx_word' id='word_1_189' title='bbox 504 3999 893 4096; x_wconf 76' lang='lat' dir='ltr'>praebuisse</span> <span class='ocrx_word' id='word_1_190' title='bbox 922 4033 947 4085; x_wconf 81' lang='lat'>3</span> <span class='ocrx_word' id='word_1_191' title='bbox 1013 3999 1338 4096; x_wconf 88' lang='lat' dir='ltr'>quinque</span> <span class='ocrx_word' id='word_1_192' title='bbox 1371 3998 1597 4073; x_wconf 87' lang='lat' dir='ltr'>millia</span> <span class='ocrx_word' id='word_1_193' title='bbox 1627 3998 1949 4072; x_wconf 82' lang='lat' dir='ltr'>vasorum</span> <span class='ocrx_word' id='word_1_194' title='bbox 1987 3995 2135 4070; x_wconf 87' lang='lat' dir='ltr'>vini</span> <span class='ocrx_word' id='word_1_195' title='bbox 2188 3999 2323 4070; x_wconf 78' lang='lat' dir='ltr'>esse</span> 
     </span>
     <span class='ocr_line' id='line_1_29' title="bbox 346 4117 2321 4222; baseline 0.001 -31"><span class='ocrx_word' id='word_1_196' title='bbox 346 4118 732 4222; x_wconf 88' lang='lat' dir='ltr'>pollicitos.</span> <span class='ocrx_word' id='word_1_197' title='bbox 835 4121 1078 4194; x_wconf 90' lang='lat' dir='ltr'>Teum</span> <span class='ocrx_word' id='word_1_198' title='bbox 1113 4143 1204 4193; x_wconf 85' lang='lat' dir='ltr'>ex</span> <span class='ocrx_word' id='word_1_199' title='bbox 1237 4117 1478 4194; x_wconf 87' lang='lat' dir='ltr'>medio</span> <span class='ocrx_word' id='word_1_200' title='bbox 1499 4118 1701 4194; x_wconf 87' lang='lat' dir='ltr'>cursu</span> <span class='ocrx_word' id='word_1_201' title='bbox 1732 4119 2007 4212; x_wconf 80' lang='lat' dir='ltr'>claffem</span> <span class='ocrx_word' id='word_1_202' title='bbox 2037 4139 2321 4216; x_wconf 89' lang='lat' dir='ltr'>repente</span> 
     </span>
    </p>
   </div>
  </div>
 </body>
</html>
