3100 5359
734 738 878 813 314
1341 714 1973 786 T.L1v11

728 898 779 933 “
818 914 1011 962 nunc
1065 886 1348 961 eosdem
1403 885 1773 963 Romanos
1798 886 2163 985 aequiores
2200 887 2697 961 Lacedaemo-

620 1026 629 1033 ·
725 1016 775 1049 “
817 1005 974 1095 niis,
1037 1032 1254 1104 quam
1298 1006 1624 1094 Achaei5‚
1673 1010 1846 1081 esse:
1898 1005 2027 1082 ubi
2084 1012 2315 1081 Areus
2358 1007 2573 1085 etiam
2614 1007 2705 1077 δι’

729 1136 779 1169 “
819 1125 1260 1213 Alcibiades»,
1284 1130 1497 1203 ambo
1525 1125 1821 1215 exsuleS,
1844 1126 1969 1201 suo
1993 1127 2337 1202 beneficio
2364 1126 2701 1214 restituti,

724 1245 1234 1345 “legationem
1285 1249 1603 1320 Romam
1654 1246 1978 1322 adversus
2018 1268 2303 1345 gentem
2367 1250 2701 1323 Achaeo-

728 1376 778 1408 “
815 1392 976 1439 rum
1010 1365 1108 1439 ita
1134 1367 1222 1440 de
1267 1364 1425 1463 ipsis
1469 1366 1793 1465 meritam
1849 1364 2314 1463 suscepissent,
2366 1369 2701 1465 adeoque

729 1496 778 1528 “
816 1484 1063 1559 infesta
1107 1485 1419 1560 oratione
1470 1489 1568 1559 ufi
1631 1489 1869 1571 effent,
1914 1507 1995 1558 ut
2028 1485 2249 1583 patria
2286 1488 2491 1583 pulfi,
2544 1513 2701 1561 non

729 1615 778 1648 “
816 1603 1110 1679 restituti
1145 1604 1221 1679 in
1255 1632 1439 1693 eam,
1471 1604 1946 1679 viderentur.²’
2046 1606 2334 1681 Clamor
2364 1606 2701 1703 undique

725 1746 945 1813 ortuS,
1005 1725 1286 1799 referret
1320 1722 1743 1799 nominatim
1778 1726 1868 1798 de
1903 1722 2011 1798 iis.
2112 1728 2235 1812 Et,
2272 1750 2501 1824 quum
2534 1751 2696 1799 om-

725 1844 843 1920 nia
889 1845 1012 1935 ira,
1073 1870 1218 1919 non
1252 1843 1565 1930 confilio,
1602 1864 2031 1942 gererentur,
2095 1844 2344 1941 capitis
2377 1846 2699 1920 damnati

725 1966 906 2040 sunt.
1007 1968 1280 2039 Paucos
1333 1963 1489 2061 post
1541 1962 1693 2037 dies
1724 1963 2041 2039 Romani
2072 1964 2283 2061 legati
2318 1987 2695 2041 venerunt.

724 2086 870 2163 His
891 2085 1156 2161 Clitore
1190 2084 1264 2158 in
1303 2082 1606 2157 Arcadia
1636 2084 1883 2157 datum
1904 2083 2003 2156 est
2038 2082 2453 2160 concilium.

824 2205 1179 2283 XXXVI.
1268 2201 1685 2302 Priusquam
1714 2223 1996 2303 agerent
2022 2201 2451 2300 quidquam,
2475 2226 2697 2279 terror

727 2325 1034 2402 Achaeis
1079 2324 1373 2421 injectus
1428 2345 1572 2397 erat
1628 2328 1693 2399 ὅτ
1747 2320 2109 2423 cogitati0,
2157 2348 2377 2420 quam
2424 2349 2567 2398 non
2602 2350 2699 2398 ex

723 2472 954 2544 aequo
975 2442 1383 2543 disceptatio
1405 2442 1641 2517 futura
1664 2445 1826 2516 effet
1848 2475 1870 2529 3
1925 2444 2125 2541 quod
2148 2446 2424 2523 Areum
2442 2445 2520 2515 ὅτ
2554 2447 2693 2519 Al-

727 2563 1109 2651 cibiadem,
1155 2562 1403 2661 capitis
1462 2566 1552 2637 ab
1588 2562 1652 2637 se
1689 2562 1763 2636 in
1792 2562 2101 2637 concilio
2132 2563 2463 2662 proximo
2494 2565 2698 2637 dam-

727 2705 950 2771 natos»,
985 2708 1154 2757 cum
1183 2682 1426 2781 legatis
1459 2680 1827 2769 videbant,
1864 2708 1997 2757 nec
2032 2681 2295 2757 hiscere
2316 2682 2701 2781 quisquam

725 2804 1054 2879 audebat.
1155 2801 1436 2900 Appius
1489 2828 1597 2889 ea,
1654 2826 1835 2900 quae
1878 2804 2075 2900 apud
2114 2802 2429 2877 senatum
2466 2802 2699 2900 questi

727 2944 922 2999 erant
967 2920 1549 3009 Lacedaemonii,
1601 2920 1966 3019 displicere
2018 2919 2287 3003 senatui
2342 2921 2695 2996 ostendit:

729 3055 780 3090 “
817 3044 1107 3118 caedem
1159 3041 1476 3140 primum
1533 3042 1625 3115 ad
1670 3039 2085 3117 conflictum
2122 3040 2382 3115 factam
2415 3066 2696 3130 eorum,

730 3174 781 3210 “
819 3162 945 3266 qui
979 3190 1022 3236 a
1052 3159 1607 3259 Philopoemene
1641 3163 1733 3237 ad
1767 3163 2073 3235 cauffam
2109 3160 2495 3237 dicendam
2530 3186 2701 3235 evo-

728 3295 779 3329 “
815 3283 954 3359 cati
987 3279 1358 3357 veniffent:
1397 3280 1686 3367 deinde,
1719 3305 1952 3377 quum
1974 3278 2049 3356 in
2084 3280 2411 3353 homines
2440 3279 2535 3354 ita
2555 3279 2699 3355 sae-

729 3416 781 3449 “
817 3403 1048 3478 vitum
1099 3404 1286 3487 effet,
1349 3428 1436 3475 ne
1491 3400 1567 3475 in
1620 3402 1767 3477 ulla
1815 3422 2006 3498 parte
2052 3400 2424 3481 crudelitas
2450 3426 2703 3475 eorum

731 3535 783 3567 “
821 3525 1125 3610 ceffaret,
1176 3547 1417 3596 muros
1455 3520 1727 3595 dirutos
1776 3518 1971 3594 urbis
2024 3518 2483 3595 nobiliffimae
2531 3523 2696 3608 effe,

733 3644 1008 3740 “leges
1063 3641 1542 3717 vetustiffimas
1607 3644 1993 3738 abrogatas,
2056 3637 2521 3737 inclitamque
2570 3666 2697 3739 per

729 3774 782 3807 “
819 3782 1060 3863 gentes
1121 3759 1438 3859 Lycurgi
1495 3757 1942 3857 disciplinam
1976 3758 2383 3843 sublatam.”
2486 3762 2697 3835 Haec

731 3907 962 3981 quum
1005 3866 1294 3979 Eppius
1348 3878 1652 3967 dixisset,
1696 3881 2065 3976 Lyconem,
2098 3881 2165 3952 &
2202 3877 2371 3976 quia
2396 3900 2699 3975 praetor,

729 4006 798 4077 &
845 4000 1017 4100 quia
1073 3998 1671 4097 PhilopoemeniS,
1739 3996 2040 4095 auctoris
2093 3996 2449 4085 omnium,
2514 4023 2701 4094 quae

727 4124 1267 4199 Lacedaemone
1327 4122 1480 4195 afta
1513 4118 1812 4209 fuerant,
1872 4116 2196 4205 factionis
2228 4139 2401 4209 erat,
2462 4116 2561 4193 ita
2592 4144 2700 4193 re·
