3100 5359
742 718 886 819 386
1404 715 2052 793 T.L1v11

743 891 1133 967 extraheret
1189 914 1343 965 rem
1394 887 1471 966 in
1524 888 1606 965 id
1656 908 1968 991 tempus,
2015 914 2165 991 quo
2197 883 2500 967 Baebius
2541 912 2718 965 cum

743 1009 1059 1088 exercitu
1084 1008 1323 1085 venire
1348 1036 1391 1085 a
1415 1008 1584 1085 Pifis
1605 1012 1854 1109 poffet.

844 1131 1126 1207 XXVI.
1225 1133 1505 1237 Romae
1538 1156 1872 1230 magnam
1903 1128 2448 1231 trepidationem
2479 1128 2724 1205 literae

748 1250 991 1326 Baebii
1038 1250 1398 1327 feceruntz
1450 1273 1539 1325 eo
1591 1250 1958 1349 majorem,
2009 1250 2212 1349 quod
2262 1276 2530 1351 paucos
2561 1250 2724 1351 post

748 1370 900 1447 dies
954 1372 1370 1461 Marcellus,
1422 1370 1682 1446 tradito
1728 1371 2039 1447 exercitu
2097 1370 2352 1461 Fabio,
2399 1373 2724 1446 Romam

744 1517 980 1593 quum
1012 1491 1329 1582 venifl‘et,
1380 1490 1578 1592 spem
1609 1491 1904 1581 ademit,
1953 1518 2148 1581 eum,
2201 1489 2330 1592 qui
2375 1490 2452 1565 in
2487 1490 2728 1567 Gallia

746 1614 940 1702 efl'et,
1008 1612 1403 1689 exercitum
1456 1612 1531 1687 in
1579 1613 1886 1715 Ligures
1943 1611 2219 1687 traduci
2276 1609 2498 1711 posse,
2550 1610 2728 1710 quia

749 1735 1023 1809 bellum
1078 1760 1248 1809 cum
1294 1731 1478 1807 Istris
1532 1735 1724 1823 effer,
1773 1731 2318 1831 prohibentibus
2361 1729 2726 1808 coloniam

751 1853 1163 1955 Aquilejam
1189 1852 1478 1928 deduci.
1549 1855 1662 1927 Eo
1695 1852 2094 1951 profectum
2123 1851 2460 1941 Fabium,
2489 1876 2738 1951 neque

742 1972 924 2073 ‘inde
978 1972 1281 2075 regredi,
1332 1974 1521 2048 bello
1565 1972 1926 2063 inchoate,
1978 1974 2188 2073 pofl'e.
2287 1975 2489 2060 Una,
2543 1976 2612 2046 δε
2643 1998 2729 2047 ea

755 2094 905 2194 ipsa.
958 2094 1244 2183 tardior,
1316 2120 1533 2193 quam
1601 2114 1884 2191 tempus
1947 2093 2368 2193 postulabat,
2435 2091 2729 2170 subfidii

754 2214 905 2317 spes
970 2236 1142 2304 erat,
1193 2217 1239 2288 fi
1286 2212 1603 2289 consules
1661 2215 2107 2288 maturaffent
2153 2210 2232 2287 in
2284 2212 2730 2311 provinciam

755 2334 883 2411 ire.
984 2337 1069 2411 ld
1121 2354 1207 2411 ut
1246 2332 1580 2423 facerent,
1630 2357 1761 2431 pro
1787 2331 1853 2407 se
1885 2328 2184 2432 quisque
2217 2336 2512 2411 Patrum
2533 2332 2732 2408 voci-

757 2454 983 2533 ferari.
1080 2453 1449 2544 Consules,
1497 2451 1625 2529 nifi
1658 2452 1986 2529 confecto
2016 2451 2322 2544 delectu,
2373 2478 2632 2552 negare
2665 2452 2734 2527 se

756 2573 1007 2665 ituros,
1054 2600 1187 2649 nec
1246 2572 1445 2649 suam
1504 2572 1901 2674 segnitiem,
1953 2572 2072 2648 sed
2121 2571 2272 2647 vim
2338 2572 2606 2663 morbi,
2657 2573 2736 2649 in

758 2697 989 2773 cauffa
1035 2694 1197 2782 effe,
1249 2718 1400 2792 quo
1453 2692 1666 2768 serius
1714 2694 2182 2793 perficeretur.
2283 2695 2460 2767 Non
2493 2713 2740 2769 tamen

758 2832 1147 2916 potuerunt
1172 2812 1503 2889 sustinere
1530 2811 1946 2889 consensum
1975 2812 2273 2901 senatus,
2317 2812 2502 2912 quin
2535 2816 2738 2912 palu·

761 2933 913 3013 dati
947 2932 1247 3023 exirent,
1298 2933 1375 3007 δε
1414 2932 1794 3022 militibus,
1845 2958 2030 3031 quos
2059 2932 2488 3034 conscriptos
2519 2937 2738 3011 habe-

748 3075 947 3145 ·rent,
980 3054 1177 3131 diem
1205 3052 1591 3143 edicerent,
1622 3079 1774 3153 quo
1806 3050 1991 3127 Pisas
2017 3052 2502 3129 convenirent.
2537 3035 2740 3135 'Pet-

764 3173 1083 3265 miffum,
1131 3192 1243 3265 ut,
1294 3198 1441 3273 qua
1490 3172 1700 3262 irent,
1751 3171 2076 3272 protinus
2127 3172 2496 3251 subitarios
2549 3175 2740 3251 mili-

766 3316 873 3373 tes
890 3293 1294 3385 scriberent,
1320 3294 1810 3392 ducerentque
1835 3291 2100 3369 secum.
2151 3296 2250 3369 Et
2271 3295 2740 3393 praetoribus,

768 3422 883 3521 Q
902 3414 1186 3492 Petillio
1206 3418 1275 3491 δι
1301 3413 1683 3513 QFabio,
1713 3412 2140 3513 imperatum
2166 3414 2294 3503 est,
2312 3435 2396 3489 ut
2419 3414 2746 3492 Petillius

762 3540 941 3613 duas
988 3534 1303 3635 legiones
1354 3528 1630 3611 ci‘vium
1681 3536 2182 3611 Romanorum
2249 3535 2744 3613 tumultuarias

770 3656 1126 3743 scriberet,
1174 3655 1254 3728 δε
1302 3680 1554 3731 omnes
1603 3654 1912 3730 minores
1963 3636 2489 3755 quinquaginta
2544 3658 2748 3733 annis

773 3777 1201 3854 sacramento
1246 3794 1560 3875 rogaret=
1615 3774 1868 3863 Fabio,
1916 3795 2002 3849 ut
2055 3772 2261 3851 sociis
2311 3776 2559 3853 Latini
2621 3805 2750 3855 no·

774 3896 990 3975 minis
1012 3895 1431 3998 quindecim
1454 3894 1680 3971 millia
1694 3894 2050 3992 peditum,
2077 3893 2524 3997 octingentos
2545 3898 2750 3999 equi-

776 4038 881 4095 tes
914 4017 1306 4117 imperaret.
1406 4015 1802 4091 Duumviri
1859 4018 2138 4093 navales
2181 4016 2394 4093 creati
2445 4018 2536 4093 C.
2579 4020 2748 4095 Ma-

776 4139 1013 4217 tienus
1056 4142 1125 4215 δε
1152 4140 1241 4215 C.
1268 4134 1678 4227 Lucretius,
1726 4134 2081 4235 navesque
2115 4136 2202 4215 iis
2229 4158 2512 4217 ornatae
2537 4136 2748 4231 sunt3
