3100 5359
787 737 932 838 388
1473 733 2108 818 T.1..1v11

789 937 916 1013 per
951 911 1186 1012 ipsum
1227 907 1685 988 induciarum
1718 929 2003 1010 tempus
2026 927 2273 988 contra
2285 910 2405 1008 jus
2436 911 2770 1012 gentium

789 1035 886 1108 ad
941 1031 1160 1110 castra
1204 1031 1694 1132 obpugnanda
1744 1029 2131 1108 veniffent=
2182 1055 2407 1120 nunc,
2454 1051 2771 1132 quantus

719 1163 732 1176 ‘
787 1155 1026 1254 pudor
1089 1153 1279 1242 effet,
1349 1153 1685 1240 edocens,
1743 1153 1838 1228 ab
1892 1151 2317 1251 Liguribus,
2376 1151 2775 1230 lau-onibus

789 1271 1050 1364 verius,
1103 1297 1324 1371 quam
1375 1271 1697 1350 hostibus
1738 1270 1973 1369 justis,
2024 1274 2447 1350 Romanurn
2496 1273 2777 1351 exerci-

791 1413 952 1470 tum
995 1392 1321 1470 obfideri.
1423 1404 1476 1440 “
1511 1397 1689 1496 Qo
1755 1417 1877 1467 ore
1928 1391 2309 1494 quisquam
2334 1393 2679 1484 vestrum,
2726 1399 2776 1472 fi

793 1526 848 1560 “
883 1513 1055 1591 hinc
1087 1512 1321 1590 alieno
1353 1512 1721 1613 praefidio,
1772 1537 1920 1590 non
1943 1511 2169 1590 vestra
2198 1511 2490 1605 virtute,
2538 1515 2779 1591 evase-

792 1645 847 1682 “
881 1632 1061 1725 ritis,
1099 1636 1454 1722 obcurret,
1491 1660 1637 1710 non
1660 1633 1827 1710 dico
1852 1631 1955 1710 eis
1986 1632 2366 1725 militibus,
2388 1632 2523 1734 qui
2558 1637 2775 1712 Han-

793 1767 847 1803 “
883 1753 1224 1846 nibalem,
1242 1754 1372 1853 qui
1399 1754 1845 1854 Philippum,
1876 1751 2009 1853 qui
2032 1753 2515 1846 Antiochum,
2542 1757 2781 1832 maxi-

795 1886 850 1924 “
883 1903 1042 1954 mos
1091 1877 1362 1952 nostrae
1417 1873 1658 1952 aetatis
1706 1898 1905 1973 reges
1960 1872 2353 1974 ducesque,
2398 1872 2733 1952 vicerunt
2750 1910 2783 1966 3

797 2010 852 2044 “
888 1997 1022 2074 sed·
1057 1997 1174 2085 iis,
1227 1996 1354 2096 qui
1383 1997 1514 2070 hos
1549 1994 1733 2095 ipsos
1764 1994 2075 2094 Ligures
2104 1993 2510 2094 aliquoties,
2562 2023 2779 2096 peco-

797 2130 852 2164 “
887 2143 1050 2194 rum
1079 2119 1302 2194 modo
1325 2113 1706 2215 fugientes,
1740 2140 1865 2214 per
1897 2114 2108 2190 saltus
2134 2114 2365 2192 invios
2396 2117 2779 2194 consectati

798 2247 852 2286 ‘⁸
889 2239 1356 2316 ceciderunt?
1455 2236 1683 2338 Qod
1710 2233 2046 2336 Hispani,
2081 2237 2287 2335 quod
2320 2235 2539 2325 Galli,
2574 2241 2783 2337 quod

799 2368 854 2407 ‘⁶
889 2360 1334 2436 Macedones
1391 2354 1710 2432 Poenive
1762 2381 1908 2430 non
1958 2358 2295 2446 audeant,
2350 2356 2780 2458 Ligustinus

799 2491 854 2528 ‘⁴
889 2479 1106 2556 hostis
1139 2481 1413 2554 vallum
1445 2479 1865 2553 Romanum
1893 2473 2108 2565 subit,
2158 2478 2429 2553 obfidet
2450 2479 2673 2568 ultro,
2706 2481 2787 2554 δε

801 2611 854 2646 “
888 2603 1302 2700 obpugnat!
1358 2625 1607 2699 quem,
1640 2596 2019 2674 scrutantes
2044 2617 2249 2674 antea
2272 2596 2515 2674 devios
2534 2598 2779 2691 ffltus,

801 2727 862 2768 “
894 2719 1226 2796 abditum
1271 2718 1350 2792 ὅτ.
1391 2721 1729 2794 latentem
1772 2715 1897 2792 vix
1946 2716 2551 2793 inveniebamus?
2650 2721 2783 2795 Ad

712 2935 720 2942 ι
798 2842 975 2916 haec
1051 2837 1492 2916 consentiens
1572 2839 2027 2920 reddebatur·
2080 2835 2401 2914 militum
2480 2839 2779 2929 clamor,

801 2971 856 3008 “
891 2963 1166 3037 nullam
1215 2959 1534 3042 militum
1592 2959 1881 3058 culpam
1930 2957 2095 3049 effe,
2144 2957 2415 3058 quibus
2444 2983 2663 3036 nemo
2688 2962 2785 3036 ad

805 3090 858 3128 ‘⁶
892 3081 1420 3180 erumpendum
1469 3081 1749 3179 iignum
1788 3077 2109 3154 dediffct.
2208 3081 2429 3154 Daret
2452 3082 2735 3180 iignum
2758 3113 2781 3157 =

805 3210 860 3248 ‘⁸
894 3201 1451 3291 inteueecurum‚
1519 3197 1834 3288 eosdem,
1894 3199 2028 3298 qui
2090 3219 2296 3276 antea
2356 3199 2647 3289 fuerint,
2710 3205 2785 3277 &r

807 3331 862 3370 “
895 3325 1268 3398 Romanos
1299 3325 1366 3399 δι
1401 3320 1715 3422 Ligures
1740 3322 1949 3396 effe.”

902 3445 1257 3520 XXVIII.
1381 3441 1561 3518 Bina
1624 3441 1729 3518 cis
1790 3461 2071 3518 montes
2134 3440 2351 3517 castra
2413 3441 2789 3542 Ligurum

805 3583 1026 3640 erant.
1127 3565 1245 3639 Ex
1287 3562 1402 3654 iis,
1451 3561 1703 3663 primis
1746 3561 2031 3652 diebus,
2082 3560 2221 3638 sole
2274 3583 2457 3653 orto,
2528 3550 2789 3660 pariter

805 3709 1056 3758 omnes
1102 3682 1472 3784 compofiti
1527 3687 1599 3758 St
1648 3681 1964 3758 instructi
2018 3683 2541 3782 procedebant:
2596 3683 2787 3772 turn,

805 3805 934 3880 nifi
988 3802 1298 3879 exsatiati
1349 3800 1518 3879 cibo
1569 3801 1912 3901 vinoque,
1958 3829 2153 3879 arma
2204 3829 2349 3880 non
2384 3802 2788 3901 capiebant.

808 3923 1141 4025 Disperfi,
1191 3922 1577 3998 inordinati
1636 3921 1975 4012 exibant3
2022 3944 2109 4000 ut
2166 3923 2434 4024 quibus
2484 3949 2619 4022 pro
2661 3922 2786 4022 spe

803 4067 1079 4122 certum
1110 4045 1304 4133 effer,
1351 4043 1583 4119 hostes
1614 4065 1813 4120 extra
1838 4046 2107 4120 vallum
2140 4048 2331 4146 signa
2368 4070 2513 4120 non
2558 4045 2787 4120 elatu-

805 4189 943 4243 ros.
1071 4161 1428 4242 Adversus
1479 4163 1580 4240 ita
1636 4163 2139 4268 incompositos
2204 4192 2325 4242 eos
2383 4163 2790 4256 venientes,
