3100 5359
795 652 934 704 202
1477 635 2105 709 T.L1v11

789 803 1130 880 militaris,
1209 807 1276 882 Is
1307 805 1540 906 primo
1566 808 1714 904 ejus
1747 807 2071 884 animum
2094 807 2411 886 tentavit.
2506 815 2749 914 Qem

792 948 1024 1024 quum
1075 927 1567 1002 abhorrentem
1615 954 1657 1003 a
1706 929 2103 1004 voluntario
2160 929 2433 1006 videret
2482 931 2750 1032 stupro,

789 1043 1094 1144 corpori,
1161 1046 1361 1144 quod
1423 1045 1699 1122 servum
1766 1046 2047 1123 fortuna
2097 1070 2267 1136 erat,
2336 1051 2492 1126 vim
2554 1050 2749 1128 fecit.

790 1163 1102 1254 Deinde,
1135 1166 1226 1238 ad
1247 1164 1647 1241 leniendam
1682 1165 2179 1266 indignitatem
2206 1168 2523 1265 injuriae.
2554 1171 2747 1268 spem

786 1283 1054 1359 reditus
1105 1286 1195 1359 ad
1237 1283 1394 1360 suos
1430 1284 1709 1360 mulieri
1740 1285 1953 1374 facit3
2006 1291 2075 1362 &
2108 1313 2199 1362 ne
2228 1314 2387 1362 eam
2418 1289 2747 1388 quidem,

789 1423 871 1478 ut
899 1429 1165 1491 amans,
1199 1404 1602 1504 gratuitam.
1702 1407 1914 1482 Certo
1946 1405 2097 1482 auri
2132 1409 2448 1506 pondere
2468 1412 2745 1506 pastus,

785 1549 876 1599 ne
907 1548 1127 1624 quern
1160 1523 1525 1600 conscium
1560 1523 1847 1600 suorum
1881 1528 2189 1616 haberet,
2225 1527 2347 1628 ipsi
2370 1529 2743 1628 permittit,

782 1663 892 1734 ut,
946 1669 1165 1742 quem
1218 1645 1452 1732 vellet,
1514 1670 1749 1720 unum
1793 1672 1885 1722 ex
1927 1646 2221 1745 captivis
2264 1649 2619 1726 nuncium
2650 1653 2745 1729 ad

784 1762 941 1841 suos
993 1763 1322 1840 mitteret.
1421 1765 1714 1840 Locum
1758 1789 1980 1865 prope
2020 1769 2293 1842 fiumen
2326 1768 2739 1859 constituit3

782 1909 932 1984 quo
975 1885 1154 1971 duc,
1214 1909 1300 1958 ne
1349 1885 1535 1983 pluS,
1594 1883 1948 1960 necessarii
1994 1885 2308 1984 captivae
2347 1912 2521 1962 cum
2564 1915 2743 1964 auro

779 2003 1099 2080 venirent
1156 2005 1361 2078 noete
1421 2000 1818 2102 insequenti
1876 2005 1968 2078 ad
2008 2029 2167 2080 eam
2221 2005 2735 2106 accipiendam.

781 2127 990 2200 Forte
1024 2121 1230 2223 ipsius
1263 2121 1577 2198 mulieris
1610 2121 1841 2200 servus
1874 2123 2054 2199 inter
2078 2124 2388 2226 captivos
2422 2127 2737 2224 ejusdem

779 2242 1138 2322 custodiae
1195 2263 1360 2320 erat.
1471 2245 1702 2319 Hunc
1748 2243 2101 2320 nuncium
2136 2245 2387 2344 primis
2430 2246 2737 2324 tenebris

777 2387 974 2442 extra
1003 2363 1330 2440 stationes
1349 2363 1673 2440 centurio
1702 2363 1969 2440 educit.
2068 2367 2303 2440 Nocte
2338 2365 2735 2466 insequenti

774 2489 852 2562 ὅτ.
893 2487 1045 2562 duo
1083 2481 1440 2560 necessarii
1475 2482 1794 2560 mulieris
1826 2485 1921 2558 ad
1952 2483 2427 2562 constitutum
2458 2489 2733 2578 locum,

775 2611 845 2682 ὅτ
878 2602 1200 2682 centurio
1225 2629 1395 2680 cum
1427 2603 1705 2702 captiva
1733 2601 1952 2679 venit.
2018 2602 2174 2678 Ubi
2209 2630 2441 2703 quum
2475 2632 2731 2683 aurum

771 2725 1238 2813 ostenderent,
1288 2725 1490 2823 quod
1541 2721 1892 2800 summam
1944 2723 2187 2799 talenti
2232 2725 2462 2801 Attici
2522 2727 2729 2825 (tanti

771 2844 967 2922 enim
1043 2844 1433 2945 pepigerat)
1515 2844 1830 2941 expleret
1850 2875 1873 2930 3
1954 2842 2213 2919 mulier
2288 2845 2535 2946 lingua
2583 2847 2731 2937 sua,

771 2978 822 3012 “
857 2964 1274 3067 stringerent
1301 2963 1595 3052 ferrum,
1646 2968 1719 3039 ὅτ
1772 2961 2262 3039 centurionem
2319 2964 2729 3063 pensantem

772 3098 824 3133 “
855 3111 1112 3163 aurum
1143 3083 1623 3171 occiderent,”
1672 3081 2065 3182 imperavit.
2166 3085 2493 3184 Jugulati
2536 3115 2729 3185 prae-

765 3206 992 3285 cisum
1019 3222 1234 3307 caput
1265 3204 1412 3305 ipsa
1441 3203 1849 3280 involutum
1880 3203 2067 3280 veste
2098 3202 2351 3294 ferens,
2378 3205 2472 3280 ad
2490 3207 2723 3282 virum

766 3325 1290 3428 Ortiagontem,
1331 3323 1460 3424 qui
1491 3326 1584 3400 ab
1627 3326 1948 3424 Olympo
1997 3325 2303 3400 domum
2349 3327 2723 3426 refugerat,

762 3446 1104 3551 pervenit.
1199 3451 1446 3548 Qem
1497 3443 1910 3544 priusquam
1942 3445 2553 3542 complecteretur,
2607 3473 2719 3521 ca-

762 3588 900 3670 put
941 3565 1376 3645 centurionis
1427 3586 1589 3640 ante
1628 3564 1845 3664 pedes
1874 3563 2023 3662 ejus
2053 3561 2352 3660 abjecit:
2404 3565 2719 3642 miranti-

759 3713 933 3790 que,
987 3686 1352 3786 cujusnam
1395 3685 1475 3762 id
1511 3706 1725 3786 caput
1756 3683 2094 3772 hominis,
2128 3705 2251 3760 aut
2282 3685 2482 3784 quod
2510 3684 2589 3760 id
2620 3684 2751 3780 fa„

761 3809 968 3886 cinus
1012 3808 1574 3906 haudquaquam
1616 3803 1963 3881 muliebre
2014 3805 2205 3892 effer,
2264 3809 2335 3878 &
2390 3804 2719 3902 injuriam

757 3926 1095 4028 corporis,
1127 3925 1204 4000 &
1257 3923 1609 4002 ultionem
1657 3923 1955 4000 violatae
1988 3949 2112 4023 per
2141 3923 2291 4000 vim
2324 3925 2718 4023 pudicitiae

756 4047 1062 4129 confefl‘a
1109 4045 1263 4124 viro
1313 4044 1454 4122 est:
1506 4043 1785 4145 aliaque
1830 4048 1950 4143 (ut
1985 4043 2315 4139 traditur)
2350 4042 2712 4124 sanctitate
