3100 5359
757 847 1811 928 TITILIVII

575 1068 2107 1166 PATAVINI

532 1333 848 1410 LIBER
897 1336 1535 1412 TRIGESIMUS
1582 1335 2090 1410 OCTAVUS.

427 1614 490 1688 1.
593 1533 940 1690 DUM
974 1613 1050 1689 in
1086 1615 1249 1690 Afia
1273 1615 1545 1690 bellum
1580 1611 1871 1710 geritur,
1923 1638 2012 1688 ne
2042 1613 2117 1688 in
2152 1616 2295 1688 Ae-

324 1745 492 1824 tolis
523 1749 821 1848 quidem
851 1749 1134 1848 quietae
1161 1777 1268 1826 res
1292 1749 1596 1837 fuerant,
1631 1749 1985 1849 principio
2012 1777 2053 1824 a
2085 1770 2295 1850 gente

325 1869 824 1944 Athamanum
857 1891 1034 1944 orto·
1101 1871 1530 1949 Athamania
1556 1896 1637 1944 ea
1656 1870 2088 1969 tempestate,
2137 1870 2297 1968 pul-

325 1985 402 2061 so
457 1989 960 2088 Amynandro,
1013 1987 1142 2066 sub
1195 1989 1563 2088 praefectis
1597 1989 1911 2088 Philippi
1952 1988 2151 2089 regio
2196 2009 2297 2063 te·
2367 2054 2382 2067 .

325 2111 632 2184 nebatur
695 2107 1072 2206 praefidio:
1137 2109 1267 2206 qui
1317 2106 1617 2207 superbo
1673 2131 1887 2206 atque
1932 2107 2301 2183 inmodico

327 2225 638 2325 irnperio
668 2227 1102 2304 desiderium
1138 2227 1590 2328 Amynandri
1643 2226 1969 2302 fecerant.
2072 2225 2300 2302 Exsu-

327 2347 504 2422 lauti
557 2369 716 2422 tum
771 2350 1242 2448 Amynandro
1298 2347 1372 2422 in
1419 2345 1706 2422 Aetolia
1736 2345 1951 2421 literis
1986 2345 2299 2434 suorum,

329 2464 812 2542 indicantium
837 2467 1098 2542 statum
1129 2465 1628 2555 Athamaniae,
1662 2465 1811 2564 spes
1843 2465 2305 2565 recuperandi

325 2585 532 2686 regni
566 2586 746 2662 facia
777 2587 899 2662 est.
1001 2586 1444 2686 Remiffique
1477 2584 1728 2661 nuncii
1753 2590 1844 2661 ab
1870 2613 1957 2660 eo
1991 2587 2082 2660 ad
2109 2583 2301 2684 prin-

328 2704 524 2803 cipes
595 2706 1046 2806 Argitheam,
1138 2706 1249 2805 (id
1302 2705 1498 2781 enim
1558 2728 1774 2804 caput
1832 2703 2303 2781 Athamaniae

331 2826 510 2919 erat)
547 2828 596 2898 fi
613 2827 1068 2925 popularium
1088 2825 1362 2902 animos
1382 2824 1539 2900 satis
1567 2824 1961 2924 perspectos
1988 2828 2301 2914 haberet,

329 2943 707 3043 impetrato
757 2949 849 3022 ab
901 2945 1177 3022 Aetolis
1221 2945 1519 3033 auxilio,
1568 2944 1645 3018 in
1694 2945 2197 3020 Athamaniam
2237 2942 2305 3018 se

329 3086 718 3140 venturum
771 3092 942 3142 cum
991 3064 1280 3142 delectis
1327 3067 1777 3152 Aetolorum,
1839 3066 2042 3164 quod
2085 3067 2305 3139 confi-

331 3185 520 3260 lium
549 3189 715 3261 effet
746 3185 1002 3285 gentis,
1025 3192 1094 3260 ὅτ
1129 3185 1498 3260 Nicandro
1525 3207 1861 3283 praetore.
1922 3191 2155 3285 QOS,
2174 3184 2305 3260 ubi

343 3309 442 3382 ad
513 3306 758 3382 omnia
811 3326 1086 3407 paratos
1145 3307 1279 3380 effe
1341 3305 1552 3394 vidit,
1628 3305 1955 3381 certiores
2006 3302 2307 3379 subinde

332 3425 536 3516 facit,
600 3453 750 3526 quo
793 3426 910 3501 die
947 3450 1118 3502 cum
1153 3425 1474 3501 exercitu
1509 3423 2015 3500 Athamaniam
2048 3423 2309 3524 ingres-

329 3546 534 3622 surus
585 3549 772 3622 effet.
871 3551 1201 3648 Qatuor
1245 3545 1487 3643 primo
1539 3544 1735 3620 fuer'e
1786 3543 2131 3640 conjurati
2182 3546 2307 3619 ad-

333 3665 572 3743 versus
623 3667 1124 3741 Macedonum
1185 3665 1630 3763 praesidium.
1750 3665 1863 3740 Hi
1921 3663 2117 3738 senos
2182 3663 2309 3738 fibi

331 3788 687 3884 adjutores
719 3789 812 3861 ad
846 3813 996 3862 rem
1029 3786 1414 3885 gerendam
1442 3783 1961 3890 adsumserunt:
2012 3781 2303 3871 deinde,

333 3906 692 4005 paucitate
739 3932 990 4005 parum
1045 3904 1234 3994 freti,
1286 3931 1470 4002 quae
1522 3905 1855 3977 celandae
1910 3900 2034 3991 rei,
2090 3927 2309 4000 quarn

335 4028 680 4126 agendae,
727 4025 959 4124 aptior
991 4046 1160 4114 erat,
1193 4049 1432 4123 parem
1462 4022 1677 4121 priori
1708 4049 2089 4097 numerum
2120 4023 2309 4117 adje-

339 4165 610 4222 cerunt.
731 4148 842 4221 Ita
888 4145 1040 4220 duo
1085 4148 1154 4220 δι
1202 4143 1731 4243 quinquaginta
1773 4142 1965 4232 faeti,
2027 4141 2311 4240 quadri-
