3100 5359
990 689 1723 812 annn'xt..
2214 763 2355 840 393

385 927 808 984 moveretur.
905 909 1104 984 Pone
1129 907 1348 986 castra
1364 907 1651 1008 utrique
1678 909 2097 1007 pabulatum
2128 913 2195 986 δι
2218 909 2353 1012 lig-

383 1051 634 1104 natum
663 1028 886 1117 ibant,
937 1029 1167 1106 neutri
1201 1030 1450 1106 alteros
1477 1029 1943 1130 inpedientes..

481 1152 769 1225 XXXI.
868 1153 1153 1227 Praetor
1177 1153 1581 1234 Romanus,
1614 1148 1743 1227 ubi
1767 1149 1923 1226 satis
1948 1171 2053 1225 tot
2074 1147 2357 1226 dierum

385 1268 628 1369 quiete
659 1269 964 1346 credidit
989 1270 1176 1370 spem
1213 1269 1466 1347 factam
1501 1269 1711 1360 hosti,
1742 1268 1923 1344 nihil
1951 1269 2017 1345 se
2050 1269 2356 1368 priorem

383 1412 780 1478 moturum,
834 1393 928 1466 L.
965 1389 1288 1466 Acilium
1315 1417 1485 1466 cum
1511 1392 1621 1465 ala
1652 1390 1913 1466 sinistra
1945 1396 2013 1467 &
2048 1389 2169 1465 sex
2199 1391 2359 1466 mil-

383 1510 574 1586 libus
626 1510 1175 1609 provincialium
1233 1511 1667 1587 auxiliorum
1722 1510 2098 1586 circumire
2151 1537 2357 1587 mon-

383 1653 531 1708 tem
568 1633 803 1729 jubet‚
855 1632 983 1732 qui
1029 1637 1120 1709 ab
1153 1653 1350 1732 tergo
1383 1632 1701 1707 hostibus
1736 1651 1927 1720 erat3
1980 1631 2178 1720 inde,
2230 1632 2359 1710 ubi

385 1755 768 1829 clamorem
835 1751 1157 1842 audisset,
1220 1756 1587 1828 decurrere
1652 1754 1743 1826 ad
1804 1753 2021 1828 castra
2084 1780 2359 1830 eorum.

385 1875 622 1948 Noae
644 1871 938 1971 profecti
967 1871 1152 1961 sunt,
1205 1901 1294 1950 ne
1329 1874 1601 1972 possent
1626 1870 1963 1970 conspici.
2064 1876 2361 1950 Flaccus

384 1995 548 2068 luce
605 1993 834 2093 prima
885 1995 971 2068 C.
1027 1993 1505 2082 Scribonium,
1577 1992 2009 2092 praefectum
2062 1992 2361 2085 socium,

383 2115 482 2188 ad
530 2115 794 2188 vallum
847 2112 1158 2188 hostium
1203 2139 1372 2189 cum
1407 2113 1771 2212 equitibus
1800 2115 2365 2192 extraordinariis

387 2231 687 2308 finistrae
719 2235 864 2310 alae
889 2233 1136 2310 mittit.
1233 2239 1440 2335 Qos
1473 2235 1603 2310 ubi
1639 2239 1707 2309 &
1744 2234 2035 2334 propius
2068 2239 2363 2312 accede·

390 2380 488 2442 re,
522 2359 590 2428 &
609 2356 870 2452 plures,
907 2380 1122 2453 quam
1147 2353 1328 2430 soliti
1357 2375 1578 2444 erant,
1611 2354 1950 2432 Celtiberi
1980 2356 2362 2457 conspexe-

389 2495 580 2562 runt,
635 2474 868 2550 omnis
911 2475 1270 2576 equitatus
1303 2474 1697 2550 effunditur
1728 2475 2003 2552 castris:
2056 2479 2259 2554 fimul
2290 2481 2366 2554 St

391 2594 755 2693 peditibus
773 2599 1048 2697 fignum
1075 2598 1166 2672 ad
1193 2598 1609 2672 exeundum
1644 2597 1871 2672 datur.
1922 2597 2363 2690 ScriboniuS,

391 2717 499 2790 uti
531 2737 986 2816 praeceptum
1009 2739 1179 2807 erat,
1211 2717 1341 2793 ubi
1371 2717 1690 2818 primum
1724 2715 2092 2793 fremitum
2122 2720 2367 2817 eques-

391 2835 612 2912 trium
673 2835 974 2927 audivit,
1044 2837 1292 2914 avertit
1350 2863 1602 2938 equoS,
1675 2841 1745 2912 &
1814 2838 2031 2914 castra
2094 2839 2367 2940 repetit.

393 2960 508 3033 Eo
551 2959 830 3034 effufius
874 2958 1073 3060 sequi
1105 2959 1358 3035 hostes.
1456 2959 1702 3034 Primo
1736 2959 2041 3059 equites,
2088 2987 2262 3036 mox
2293 2965 2364 3038 δε

391 3079 721 3178 peditum
773 3079 955 3156 acies
1007 3080 1271 3168 aderat,
1323 3081 1519 3156 haud
1572 3075 1795 3156 dubia
1833 3079 1977 3180 spe,
2030 3081 2246 3158 castra
2276 3107 2365 3157 eo

393 3199 513 3273 die
571 3199 641 3275 se
698 3185 1253 3300 obpugnaturos.
1377 3199 1835 3301 Qingentos
1893 3203 2146 3299 paffus,
2216 3229 2366 3278 non

391 3321 580 3418 plus,
629 3346 671 3395 a
717 3321 904 3394 vallo
953 3324 1260 3396 aberant.
1360 3323 1637 3419 Itaque,
1691 3320 1819 3396 ubi
1868 3323 2167 3398 Flaccus
2209 3322 2367 3398 satis

391 3439 766 3514 abstractos
811 3466 932 3515 eos
983 3467 1025 3515 a
1059 3440 1400 3537 praesidio
1433 3443 1815 3516 castrorum
1852 3440 2140 3516 suorum
2178 3465 2368 3521 ratus

393 3559 522 3650 est,
566 3559 748 3634 intra
770 3561 1037 3635 vallum
1057 3560 1374 3635 exercitu
1404 3560 1767 3650 instructo,
1795 3561 2025 3637 tribus
2048 3563 2367 3662 partibus

393 3681 596 3756 fimul
648 3678 988 3778 erumpit,
1037 3683 1346 3756 clamore
1397 3708 1544 3756 non
1586 3703 1863 3758 tantum
1900 3684 1994 3758 ad
2040 3686 2365 3763 ardorem

393 3825 678 3899 pugnae
721 3801 1184 3878 excitandum
1220 3802 1518 3891 sublato,
1571 3802 1689 3877 sed
1722 3803 1937 3878 etiam
1970 3826 2080 3894 ut,
2131 3806 2260 3905 qui
2290 3805 2367 3882 in

391 3920 758 3997 montibus
812 3943 1031 4011 erant,
1080 3923 1518 3998 exaudirent.
1636 3925 1797 4000 Nec
1858 3923 2110 3999 morati
2176 3923 2364 4014 sunt,

393 4040 576 4138 quin
607 4042 1082 4130 decurrerent,
1117 4047 1292 4118 ficut
1325 4042 1753 4142 imperatum
1785 4061 1957 4133 erat,
1986 4045 2080 4119 ad
2114 4043 2362 4120 castra:

393 4159 522 4236 ubi
571 4160 895 4263 quinque
952 4160 1264 4240 millium
1311 4185 1767 4254 armatorum,
1834 4190 1981 4240 non
2030 4163 2363 4264 amplius,
