3100 5359
838 736 1005 858 ιιι
1052 762 1093 809 Β
1151 761 1195 810 n
1250 748 1298 810 a
1400 736 1792 811 xxxvn.
2189 740 2276 830 ες

328 909 869 1007 petentem-jam
902 908 1141 985 fauces
1188 938 1439 987 navem
1473 912 1621 1008 ejus
1654 909 2126 1008 Polyxenidas
2153 910 2280 985 tri·

324 1032 451 1105 bus
507 1027 1148 1127 quinqueremibus
1202 1030 1710 1105 circumfistit.'
1769 1030 1992 1104 Navis
2049 1029 2281 1104 rostris

322 1147 455 1222 ieta
484 1147 993 1247 subprimitur:
1046 1148 1201 1223 telis
1241 1153 1644 1225 obruuntur
1685 1169 2278 1247 propugnatores:

322 1265 495 1343 inter
526 1292 713 1367 quos
757 1272 827 1341 ὅτ
860 1268 1307 1343 Paufistratus
1354 1268 1632 1368 inpigre
1667 1294 1986 1367 pugnans
2021 1268 2283 1342 interfi-

322 1386 523 1462 citur.
644 1387 965 1463 Navium
1022 1388 1451 1483 reliquarum
1512 1412 1671 1463 ante
1730 1408 2016 1486 portum
2082 1386 2283 1478 aliae,

322 1506 491 1581 aliae
524 1506 599 1581 in
636 1526 841 1604 portu
880 1507 1371 1607 deprehensae,
1425 1510 1778 1606 quaedam
1811 1536 1854 1582 a
1887 1506 2284 1596 NicandrO,

324 1627 497 1700 dum
526 1626 922 1701 moliuntur
953 1653 995 1700 a
1027 1648 1229 1714 terra,
1264 1646 1528 1725 captae.
1629 1626 1977 1729 Qinque
2009 1648 2288 1701 tantum

322 1745 653 1821 Rhodiae
678 1772 896 1821 naves
935 1772 1103 1821 cum
1140 1748 1421 1821 duabus
1468 1748 1640 1821 Co‘is
1679 1748 2104 1847 effugerunt,
2154 1768 2289 1821 ter-

324 1890 469 1939 rore
496 1868 823 1939 flammae
850 1864 1177 1939 micantis
1202 1863 1319 1938 via
1342 1864 1467 1939 fibi
1496 1865 1678 1939 inter
1702 1867 2048 1943 confertas
2079 1892 2288 1941 naves

324 1981 521 2059 facta.
622 1982 875 2059 Contis
922 1983 1115 2058 enim
1162 1982 1349 2058 binis
1392 2011 1435 2058 a
1476 2011 1678 2083 prora
1713 1984 2289 2083 prominentibus

324 2102 542 2178 trullis
594 2102 829 2177 ferreis
872 2104 1185 2177 multum
1240 2125 1670 2202 conceptum
1725 2104 1970 2205 ignem
2017 2130 2176 2203 prae
2223 2102 2290 2179 se

326 2226 713 2321 portabant.
818 2224 1235 2321 Erythraeae
1271 2221 1610 2311 triremes,
1646 2250 1876 2321 quum
1904 2225 2098 2298 haud
2131 2249 2291 2321 pro·

336 2345 451 2417 cul
490 2370 535 2416 a
582 2346 797 2418 Samo
850 2341 1161 2416 Rhodiis
1216 2341 1541 2430 navibuS,
1614 2341 1882 2440 quibus
1943 2364 2024 2417 ut
2081 2346 2296 2417 effent

332 2460 690 2558 praefidio,
740 2460 1145 2549 veniebant,
1196 2460 1449 2535 obviae
1492 2460 1936 2561 fugientibus
1980 2462 2291 2555 fuissent,

334 2582 406 2656 in
434 2580 985 2680 Hellespontum
1019 2582 1111 2654 ad
1145 2582 1514 2655 Romanos
1560 2580 1842 2657 cursum
1873 2578 2294 2659 averterunt.

332 2706 477 2778 Sub
518 2703 720 2777 idem
759 2721 1039 2798 tempus
1086 2702 1421 2774 Seleucus
1467 2700 1824 2798 proditam
1870 2704 2293 2791 Phocaeam,

331 2844 525 2921 porta
554 2847 703 2896 una
746 2844 867 2917 per
918 2818 1243 2893 custodes
1286 2839 1544 2917 aperta,
1597 2822 1906 2917 recepit;
1960 2826 2029 2895 ὅτ
2065 2824 2294 2920 Cyme

334 2941 647 3040 aliaeque
690 2939 1003 3035 ejusdem
1045 2964 1204 3013 orae
1248 2942 1459 3013 urbes
1502 2939 1596 3013 ad
1642 2965 1810 3014 eum
1857 2960 2054 3015 metu
2102 2939 2294 3015 defe-

334 3082 599 3137 cerunt.

423 3184 592 3257 XII.
696 3184 901 3257 Dum
957 3183 1129 3257 haec
1183 3181 1254 3255 in
1311 3181 1618 3257 Aeolide
1671 3202 2038 3281 geruntur,
2092 3184 2295 3281 Aby-

334 3303 461 3377 dus
495 3326 731 3402 quum
763 3328 887 3402 per
932 3302 1207 3399 aliquot
1255 3301 1405 3376 dies
1438 3302 1880 3377 obsidionem
1927 3304 2292 3390 toleraffet,

330 3424 671 3521 praefidio
714 3422 910 3521 regio
944 3442 1213 3497 tutante
1248 3421 1556 3510 moenia,
1598 3423 1749 3518 jam
1781 3422 2120 3497 omnibus
2163 3418 2294 3496 fes-

330 3546 429 3633 fis‚
457 3544 740 3620 Philota
770 3567 1062 3640 quoque
1086 3539 1440 3639 praefec'to
1468 3541 1784 3638 praesidii
1819 3540 2291 3640 permittente,

332 3662 765 3761 magistratus
818 3686 1067 3734 eorum
1120 3685 1293 3734 cum
1347 3660 1568 3735 Livio
1620 3662 1710 3734 de
1756 3660 2293 3737 conditionibus
2347 3682 2350 3686 ’

332 3782 705 3855 tradendae
738 3782 933 3854 urbis
964 3782 1290 3879 agebant.
1390 3782 1586 3853 Rem
1620 3779 2023 3868 diffluebat,
2059 3782 2289 3878 quod,

332 3924 575 3976 utrum
630 3898 903 3987 armati,
973 3925 1063 3972 an
1128 3897 1457 3987 inerma,
1528 3898 2018 3973 emitterentur
2083 3900 2288 3999 regii,

328 4046 573 4120 pamm
627 4018 1115 4094 conveniebat.
1214 4020 1422 4092 Haec
1475 4018 1850 4117 agentibus
1895 4041 2126 4117 quum
2183 4021 2290 4094 in-

330 4138 717 4217 terveniffet
758 4136 1066 4214 nuncius
1107 4136 1572 4213 Rhodiorum
1616 4137 1864 4227 cladis,
1915 4137 2155 4214 emiffa
2197 4141 2288 4215 de
