3100 5359
786 781 885 855 34
1428 751 2066 828 T.L1v11

791 928 1205 1005 velamentis
1249 947 1408 1004 ante
1443 951 1676 1028 portas
1709 929 2002 1017 stabant,
2055 945 2253 1002 metu
2289 952 2378 1002 ne
2411 920 2754 1000 hostiliter

796 1049 1286 1148 diriperentur.
1338 1052 1677 1126 Ceterum
1701 1075 1826 1149 per
1853 1075 2100 1124 omnes
2129 1048 2281 1124 dies
2299 1046 2497 1122 haud
2531 1044 2756 1133 secus,

798 1195 1017 1268 quarn
1046 1169 1121 1242 in
1155 1191 1405 1269 pacato
1437 1196 1632 1270 agre,
1685 1173 1824 1244 fine
1847 1168 2228 1243 violatione
2253 1166 2470 1242 ullius
2503 1165 2602 1241 rei
2633 1191 2759 1264 ag-

796 1315 963 1363 men
996 1292 1342 1385 proceflit,
1376 1281 1626 1364 ‘donec
1662 1288 1738 1363 in
1773 1313 2027 1389 agrum
2081 1291 2536 1363 Coronaeum
2587 1311 2760 1360 ven-

798 1431 958 1484 tum
992 1409 1113 1483 est.
1212 1409 1323 1484 Ibi
1360 1409 1581 1483 statua
1609 1409 1790 1510 regis
1827 1407 2199 1496 Antiochi,
2234 1411 2450 1506 pofita
2468 1406 2546 1481 in
2577 1426 2759 1480 tem·

799 1531 921 1628 plo
956 1528 1337 1604 Minervae
1365 1527 1660 1618 Itoniae,
1697 1529 1871 1603 iram
1905 1528 2260 1604 accendit:
2315 1527 2762 1626 permiffum·

804 1675 946 1748 que
982 1649 1191 1724 militi
1220 1650 1342 1734 est,
1376 1670 1461 1722 ut
1485 1641 2032 1744 circumjedtum'
2049 1651 2316 1749 templo
2347 1673 2599 1748 agrum
2631 1672 2763 1746 po-

800 1770 1179 1868 pularetur.
1249 1769 1535 1844 Deinde
1557 1767 1894 1868 cogitatio
1914 1769 2238 1844 animum
2259 1767 2497 1855 subiit,
2525 1791 2762 1867 quum

803 1887 1174 1964 communi
1228 1891 1513 1963 decreto
1580 1891 2010 1962 Boeotorum
2069 1892 2284 1985 pofita
2317 1889 2482 1962 effet
2513 1885 2762 1974 statua,

802 2009 1188 2110 indignum
1222 2011 1382 2097 effe,
1436 2008 1510 2082 in
1545 2035 1776 2082 unum
1809 2006 2283 2082 Coronensem
2337 2033 2589 2108 agrum
2622 2006 2764 2082 saes-

803 2131 973 2207 vire.
1075 2133 1441 2210 Revocato
1476 2129 1837 2224 extemplo
1863 2127 2119 2217 milite,
2173 2127 2334 2203 finis
2367 2126 2766 2226 populandi

802 2251 1061 2327 faetus:
1124 2247 1435 2348 castigati
1489 2269 1768 2323 tantum
1801 2247 2032 2322 verbis
2091 2247 2336 2322 Boeoti
2371 2252 2468 2324 ob
2534 2248 2766 2348 ingra-

804 2391 962 2446 tum
983 2371 1059 2445 in
1087 2369 1295 2446 tantis
1314 2391 1604 2468 tamque
1625 2367 2023 2444 recentibus
2053 2367 2416 2444 beneficiis
2439 2367 2764 2444 animum

806 2517 971 2592 erga
1024 2495 1414 2565 Romanos.
1516 2489 1705 2561 Inter
1737 2487 1968 2586 ipsum
2003 2513 2284 2586 pugnae
2325 2509 2608 2586 tempus
2643 2490 2766 2564 de-

808 2638 969 2687 cem
1017 2635 1225 2684 naves
1254 2607 1481 2706 regiae
1517 2632 1687 2681 cum
1723 2607 2072 2706 praefecto
2108 2609 2368 2682 Ifidoro
2403 2611 2490 2683 ad
2534 2613 2607 2684 T
2611 2610 2770 2684 hro-

810 2729 1018 2805 nium
1050 2729 1122 2802 in
1154 2730 1307 2801 finu
1344 2725 1662 2802 Maliaco
1697 2727 1988 2802 stabant.
2070 2729 2180 2802 Eo
2207 2728 2436 2828 gravis
2461 2729 2770 2804 vulneri-

808 2852 948 2925 bus
969 2849 1375 2923 Alexander
1396 2853 1752 2936 Acarnan,
1789 2845 2095 2922 nuncius
2116 2847 2434 2924 adversae
2460 2874 2770 2948 pugnae,

818 2994 1052 3068 quum
1113 2967 1543 3067 perfugiffet,
1607 2965 1920 3066 trepidae
1985 2967 2150 3041 inde
2192 2967 2454 3042 recenti
2518 2990 2776 3046 terrore

816 3115 1026 3164 naves
1054 3090 1418 3164 Cenaeum
1453 3090 1792 3162 Euboeae
1825 3085 2202 3185 petierunt.
2300 3088 2416 3164 Ibi
2449 3110 2776 3168 mortuus

816 3207 1265 3308 sepultusque
1291 3209 1723 3283 Alexander.
1823 3210 2028 3295 Tres,
2081 3233 2262 3306 quae
2296 3235 2387 3283 ex
2421 3212 2584 3285 Afia
2615 3237 2778 3309 pro·

822 3328 1043 3404 feetae
1085 3329 1426 3403 eumdem
1460 3347 1746 3425 portum
1800 3348 2195 3417 tenuerant,
2247 3355 2484 3419 naves,
2535 3329 2781 3406 audita

820 3449 1169 3525 exercitus
1202 3449 1428 3536 clade,
1484 3448 1847 3546 Ephesum
1881 3448 2259 3524 redierunt.
2361 3451 2659 3526 Ifidorus
2687 3455 2782 3527 ab

822 3573 1105 3646 Cenaeo
1140 3567 1703 3659 Demetriadem,
1755 3573 1802 3642 fi
1837 3567 2013 3644 forte
2047 3596 2133 3643 eo
2151 3568 2452 3643 deferret
2471 3568 2644 3670 fuga
2677 3597 2784 3646 re-

822 3716 1017 3790 gern,
1067 3688 1353 3786 trajecit.
1453 3692 1590 3763 Per
1621 3688 1904 3764 eosdem
1939 3688 2088 3765 dies
2123 3695 2218 3764 A.
2241 3679 2535 3778 Atilius,
2587 3715 2786 3787 prae-

823 3808 1053 3885 fectus
1072 3811 1442 3884 Romanae
1464 3810 1704 3897 claffis,
1741 3835 2034 3908 magnos
2069 3809 2296 3908 regios
2317 3831 2786 3900 commeatus,

810 3932 965 4030 jam
998 3929 1286 4018 fretum,
1338 3930 1541 4027 quod
1573 3931 1664 4003 ad
1700 3931 2039 4004 Andrum
2073 3927 2375 4005 insulam
2413 3929 2537 4018 est,
2589 3957 2788 4029 prae,-

825 4053 1191 4137 tervee’tos,
1244 4047 1559 4146 excepit:
1611 4047 1780 4123 alias
1813 4054 2069 4137 merfit,
2124 4050 2288 4124 alias
2339 4049 2532 4149 cepit·
2553 4076 2787 4128 naves.

826 4175 1034 4265 Quae
1068 4167 1471 4246 noviffimae
1498 4169 1804 4270 agminis
1838 4191 2060 4260 erant,
2113 4169 2399 4248 cursum
2435 4168 2512 4246 in
2546 4173 2788 4246 Aliam
