3100 5359
893 727 967 799 L
1019 748 1046 799 1
1106 748 1148 799 n
1205 748 1250 799 a
1306 748 1354 799 n
1455 724 1823 800 XXXIX.
2202 750 2342 827 279

353 910 408 947 “
441 898 674 988 fuiss'e,
710 926 844 976 nec
874 924 1314 998 quemquam
1337 900 1576 976 virum
1598 928 1683 975 eo
1717 899 2001 975 admitti
2028 898 2335 977 solitum.

349 1033 404 1067 “
439 1024 620 1096 Tres
653 1019 732 1095 in
764 1048 954 1095 anno
979 1021 1188 1095 statos
1221 1021 1374 1097 dies
1405 1022 1748 1110 habuisse,
1813 1022 2079 1120 quibus
2114 1023 2329 1098 inter-

351 1150 403 1185 “
441 1139 572 1217 diu
621 1140 914 1217 Bacchis
965 1140 1429 1216 initiarentur.
1529 1144 1937 1217 Sacerdotes
1976 1142 2051 1217 in
2104 1142 2341 1217 vicem

349 1272 402 1307 “
439 1282 794 1336 matronas
813 1260 1030 1336 creari
1067 1258 1318 1336 solitas.
1379 1264 1747 1337 Pacullam
1777 1263 2096 1337 Anniam
2119 1266 2326 1339 Cam-

349 1392 401 1425 “
437 1380 726 1479 paniam
791 1380 1223 1456 sacerdotem
1291 1381 1560 1485 omnia,
1656 1404 2024 1481 tamquam
2087 1386 2337 1461 Defim

351 1512 404 1547 ‘⁶
439 1501 755 1588 monitu,
792 1500 1184 1575 inmutaffe.
1285 1504 1481 1577 Nam
1519 1507 1587 1577 &
1622 1502 1811 1577 viros
1844 1530 1999 1578 eam
2028 1503 2335 1601 primam

353 1630 408 1669 “
445 1622 606 1697 suos
681 1622 866 1697 filios
929 1620 1250 1709 initiasse,
1335 1620 1667 1697 Minium
1735 1628 1801 1695 δε
1872 1623 2334 1699 Herennium

351 1755 406 1789 “
441 1740 823 1819 Cerrinios.
925 1745 1021 1815 Et
1055 1744 1488 1817 noe‘turnum
1515 1741 1787 1817 sacrum
1818 1770 1909 1817 ex
1944 1742 2232 1834 diurne,
2264 1750 2335 1821 ὅτ

355 1874 407 1909 “
442 1888 578 1961 pro
603 1860 830 1937 tribus
863 1858 938 1935 in
967 1858 1156 1935 anno
1182 1860 1437 1937 diebus
1471 1862 1733 1959 quinos
1769 1863 2053 1961 fingulis
2086 1870 2334 1940 menfi-

351 1994 404 2031 “
439 1986 578 2060 bus
609 1980 762 2057 dies
782 1980 1148 2055 initiorum
1183 1979 1439 2056 feciffe.
1494 1984 1609 2055 Ex
1643 2008 1793 2080 quo
1826 1982 1901 2055 in
1934 1984 2338 2081 promiscuo

351 2114 406 2149 “
439 2102 626 2179 {acra
656 2104 811 2189 smt,
866 2100 940 2173 &
975 2098 1309 2199 permixti
1345 2101 1476 2175 viri
1505 2101 1816 2191 feminiS,
1877 2108 1942 2177 &
1976 2105 2203 2181 noetis
2248 2106 2333 2180 li-

351 2234 401 2269 “
437 2220 678 2298 centia
705 2220 1080 2309 accesserit,
1137 2220 1318 2295 nihil
1341 2220 1442 2296 ibi
1479 2221 1837 2311 facinoris,
1870 2224 2049 2298 nihil
2080 2224 2332 2325 fiagitii

347 2356 400 2389 “
435 2340 1016 2444 praetermissum.
1120 2342 1332 2415 Plura
1359 2340 1673 2416 virorum
1702 2342 1884 2419 inter
1910 2344 2071 2432 sese,
2104 2370 2326 2444 quam

347 2476 399 2509 “
435 2462 892 2549 feminarum,
947 2463 1080 2535 effe
1133 2461 1392 2560 stupra.
1491 2461 1566 2537 Si
1612 2463 1739 2561 qui
1785 2465 2027 2538 minus
2057 2465 2331 2562 patien-

347 2596 402 2631 “
438 2606 546 2659 tes
577 2581 947 2659 dedecoris
979 2586 1132 2669 fint,
1189 2585 1256 2655 &
1303 2580 1646 2681 pigriores
1700 2586 1793 2659 ad
1844 2584 2144 2674 facium,
2198 2612 2330 2684 pro

350 2714 402 2750 “
433 2702 750 2781 victimis
835 2699 1205 2777 inmolari=
1259 2702 1472 2777 -nihil
1535 2702 1749 2779 nefas
1793 2706 2080 2794 ducere,
2144 2708 2329 2785 hanc

353 2836 402 2869 ‘⁸
439 2824 796 2899 summam
853 2823 1040 2897 inter
1099 2849 1220 2897 eos
1292 2821 1715 2923 religionem
1799 2828 1958 2899 effe.
2091 2825 2326 2915 Viros,

349 2956 400 2991 “
436 2945 640 3021 velut
671 2962 914 3018 mente
948 2964 1176 3040 capta,
1213 2968 1384 3017 cum
1425 2943 1808 3040 jactatione
1844 2943 2144 3021 fanatica
2175 2973 2328 3022 cor-

353 3076 406 3111 “
443 3063 633 3165 poris
685 3062 1098 3151 vaticinari3
1171 3085 1521 3139 matronas
1580 3066 2015 3140 Baccharum
2074 3066 2326 3143 habitu

351 3196 402 3231 “
439 3184 758 3261 crinibus
787 3182 1020 3282 sparsis
1040 3209 1210 3259 cum
1231 3184 1641 3259 ardentibus
1668 3182 1940 3259 facibus
1960 3187 2327 3262 decurrere

351 3316 402 3351 “
438 3306 532 3381 ad
568 3304 925 3392 Tiberim,
977 3303 1440 3403 demissasque
1473 3304 1547 3378 in
1586 3330 1846 3402 aquam
1890 3302 2078 3381 faces
2128 3306 2330 3406 (quia

349 3436 400 3473 “
437 3426 693 3501 vivum
727 3424 1022 3523 sulphur
1053 3450 1224 3499 cum
1257 3426 1450 3499 calce
1487 3423 1673 3519 infit)
1738 3424 2010 3525 integra
2039 3430 2329 3503 flamma

351 3556 404 3591 “
441 3546 704 3621 efferre.
804 3547 1078 3643 Raptos
1123 3571 1164 3617 a
1197 3543 1360 3618 Diis
1393 3544 1721 3621 homines
1754 3546 1929 3635 dici,
1963 3573 2144 3645 quos
2176 3574 2323 3623 ma-

350 3678 402 3713 “
439 3666 692 3741 chinae
744 3664 1071 3765 inligatos
1116 3690 1208 3741 ex
1251 3662 1629 3763 conspectu
1667 3665 1742 3740 in
1768 3667 2048 3741 abditos
2079 3667 2327 3767 specus

349 3786 804 3885 “·abripiant.
907 3788 1052 3859 Eos
1105 3786 1265 3872 effe,
1313 3785 1442 3884 qui
1482 3810 1605 3860 aut
1640 3789 2029 3884 conjurare,
2066 3810 2189 3862 aut
2220 3789 2327 3864 so-

347 3918 398 3951 “
437 3905 604 3983 ciari
659 3904 1120 3992 facinoribuS,
1186 3927 1306 3979 aut
1359 3906 1687 4003 stuprum
1750 3906 1897 4005 pati
1944 3909 2324 3986 noluerint.

349 4037 400 4071 “
439 4026 1004 4102 Multitudinem
1081 4024 1478 4125 ingentem,
1546 4028 1847 4101 alterum
1894 4028 2045 4125 jam
2102 4056 2322 4128 prope

351 4156 402 4197 ‘⁸
437 4149 790 4247 populum
839 4148 1014 4221 effe:
1070 4146 1146 4221 in
1185 4145 1296 4224 his
1329 4144 1605 4223 nobiles
1640 4147 1985 4247 quosdam
2010 4148 2197 4225 viros
2223 4148 2323 4224 fe-

1241 4289 1392 4388 T5
