3100 5359
889 620 966 694 L
1015 643 1046 694 1
1081 641 1150 741 *t
1201 641 1248 694 a
1301 641 1352 694 a
1455 618 1887 695 XXXVIII.
2230 641 2368 718 251

393 807 590 899 ierat,
623 807 702 885 in
729 807 976 886 fiinere
1009 834 1308 910 quoque
1327 829 1488 884 ante
1509 809 1779 884 lectum
1807 807 1958 897 ifle,
1984 807 2369 886 memoriae

386 930 862 1030 prodiderint,
915 935 984 1006 δι
1011 931 1106 1006 ad
1139 950 1418 1030 portam
1451 931 1817 1028 Capenam
1857 927 2172 1006 mulsum
2205 955 2369 1030 pro-

389 1049 646 1128 secutis
677 1051 894 1126 funus
925 1049 1218 1138 dediffe,
1255 1051 1461 1149 quod
1493 1053 1585 1125 ab
1614 1075 1699 1123 eo
1734 1048 1917 1125 inter
1942 1049 2115 1124 alios
2146 1049 2368 1150 capti-

385 1196 516 1247 vos
546 1171 626 1246 in
660 1171 909 1248 Africa
935 1195 1028 1248 ex
1061 1169 1386 1246 hostibus
1421 1190 1745 1270 receptus
1778 1173 1975 1246 effet:
2030 1189 2157 1245 aut
2184 1172 2368 1244 adeo

383 1290 770 1368 inimicum
804 1291 1173 1381 eumdem,
1223 1311 1310 1366 ut
1339 1311 1628 1389 propter
1676 1289 2023 1392 infignem
2057 1291 2365 1364 fimulta·

385 1433 536 1488 tem
568 1415 662 1488 ab
693 1437 776 1488 ea
799 1410 1134 1500 factione,
1185 1435 1370 1511 quae
1396 1408 1683 1486 adversa
1705 1409 2159 1510 Scipionibus
2192 1429 2363 1499 erat,

377 1531 702 1608 delec'tus
733 1534 816 1606 fit
859 1530 1300 1631 potiffimum
1350 1533 1442 1606 ad
1491 1529 1979 1630 quaestionem
2031 1556 2363 1606 exercen-

381 1651 550 1726 dam
565 1683 592 1740 3
619 1672 936 1728 ceterum
961 1653 1056 1726 ad
1081 1653 1278 1728 hunc
1307 1649 1520 1726 nimis
1543 1677 1861 1752 aequum
1880 1673 2007 1727 aut
2028 1649 2363 1750 iniquum

380 1791 774 1868 praetorem
807 1797 966 1850 reus
998 1771 1364 1871 extemplo
1409 1770 1637 1850 faetus
1687 1774 1783 1848 L.
1828 1769 2111 1872 Scipi03
2158 1773 2367 1848 simul

379 1891 713 1968 &delata
743 1895 815 1966 a:
847 1891 1136 1992 recepta
1158 1891 1456 1968 nomina
1487 1893 1887 1992 legatorum
1920 1893 2098 1990 ejus,
2150 1899 2249 1968 A.
2286 1897 2359 1968 ὅτ

377 2011 474 2098 L.
510 2010 998 2088 Hostiliorum
1030 2013 1418 2101 Catonum,
1466 2013 1540 2087 δι
1592 2014 1679 2088 C.
1726 2011 1928 2088 Furii
1964 2013 2361 2090 Aculeonis

377 2129 806 2230 quaestoriae
841 2135 946 2221 &,
973 2153 1060 2208 ut
1089 2131 1335 2208 omnia
1366 2134 1692 2208 contacta
1722 2129 2047 2208 societate
2073 2133 2359 2232 pecula-
2493 2211 2504 2225 ,

369 2271 500 2328 tus
532 2249 970 2340 viderentur,
1016 2250 1282 2330 scribae
1332 2278 1630 2352 quoque
1681 2254 1833 2328 duo
1885 2257 1957 2328 a:
2001 2253 2359 2334 accensus-

371 2369 476 2448 L.
507 2369 897 2462 Hostilius,
921 2371 996 2448 &
1018 2371 1309 2463 scribae,
1344 2378 1411 2450 δε
1435 2370 1794 2461 accensus,
1827 2371 2243 2474 priusquam
2266 2379 2359 2452 de

369 2489 712 2590 Scipione
733 2493 1100 2590 judicium
1133 2493 1360 2583 fieret,
1394 2491 1697 2567 absoluti
1730 2490 1928 2568 sunt:
1980 2493 2251 2594 Scipio,
2287 2500 2359 2574 &

371 2615 476 2688 A.
499 2610 862 2693 Hostilius
886 2614 1188 2716 legatus,
1217 2618 1289 2689 δε
1317 2615 1407 2689 C.
1427 2613 1689 2689 Furius
1715 2613 2069 2691 damnati:
2108 2626 2159 2661 “
2184 2621 2359 2721 Qo

370 2743 430 2778 “
467 2732 922 2812 commodior
970 2757 1114 2833 pax
1161 2731 1535 2810 Antiocho
1584 2733 1893 2824 daretur,
1942 2733 2357 2836 Scipionem

371 2863 430 2898 ‘⁸
466 2853 586 2930 fizx
633 2854 862 2932 millia
907 2855 1154 2953 pondo
1185 2853 1368 2944 auri,
1417 2852 1941 2954 quadringenta
1990 2857 2358 2958 octoginta

368 2982 430 3020 “
462 2975 738 3076 argenti
767 2977 931 3076 plus
962 2974 1330 3074 accepiffe,
1366 2999 1589 3074 quam
1623 2973 1701 3048 in
1726 2973 2071 3050 aerarium
2098 2981 2354 3056 retule-

369 3105 426 3140 “
459 3096 587 3172 rit:
641 3101 739 3177 A.
769 3094 1174 3172 Hostilium
1204 3092 1573 3194 octoginta
1592 3095 1836 3194 pondo
1869 3095 2052 3185 auri,
2078 3099 2351 3198 argenti

366 3225 424 3262 ‘⁶
459 3215 984 3317 quadringenta
1053 3215 1226 3291 triaz
1313 3212 1621 3290 Furium
1690 3213 2133 3312 quaestorem
2204 3220 2359 3296 auri

364 3345 422 3381 ‘⁸
455 3330 704 3435 pondo
737 3357 1030 3413 centum
1061 3332 1380 3433 triginta,
1414 3333 1687 3434 argenti
1715 3337 2094 3412 ducenta.’'
2190 3342 2353 3418 Has

363 3482 504 3557 ego
535 3455 848 3534 summas
879 3454 1030 3532 auri
1065 3459 1134 3532 ὅτ
1167 3452 1443 3556 argenti
1477 3455 1723 3531 relatas
1755 3455 1949 3553 apud
1980 3457 2351 3540 Antiatem

363 3575 634 3654 inveni.
736 3580 826 3657 In
873 3579 970 3652 Ι...
1011 3572 1350 3675 Scipione
1397 3573 1646 3650 malim
1690 3574 2035 3674 equidem
2078 3578 2349 3657 librarii

363 3699 746 3787 mendum,
812 3721 1033 3796 quam
1093 3695 1555 3772 mendacium
1620 3692 2005 3795 scriptoris,
2082 3702 2220 3776 effe
2268 3700 2347 3780 in

362 3814 646 3894 summa
671 3817 825 3900 auri
851 3838 1068 3916 atque
1095 3814 1391 3917 argenti.
1467 3813 1787 3891 Similius
1816 3816 2013 3894 enim
2039 3820 2188 3896 veri
2216 3821 2347 3918 est,

357 3938 666 4039 argenti,
709 3963 930 4038 quam
967 3937 1148 4027 auri,
1197 3936 1428 4034 majus
1455 3937 1743 4036 pondus
1766 3935 2007 4028 fuiffe3
2060 3943 2130 4018 δι
2161 3943 2351 4042 poti-

359 4083 448 4136 us
479 4057 930 4161 quadmgies,
980 4083 1201 4160 quam
1239 4056 1611 4136 ducenties
1643 4058 2090 4162 quadragies,
2142 4061 2345 4142 litem
