3100 5359
831 714 906 787 L
960 737 988 787 1
1049 735 1090 786 a
1144 735 1187 785 n
1239 647 1334 785 n*
1389 705 1819 787 XXXVIII.
2176 729 2317 811 257

339 893 394 932 ‘⁶
427 905 648 960 omne
709 883 787 959 in
848 882 1204 984 privatum
1265 883 1569 960 versum.
1671 891 1793 960 An
1848 907 1995 958 non
2048 901 2317 984 praeter

339 1016 397 1050 ‘⁶
427 1005 761 1081 omniurn
819 1009 1066 1082 oculos
1117 1023 1398 1080 tantum
1435 1006 1587 1081 auri
1634 1004 2049 1106 argentique
2083 1003 2161 1078 in
2194 1003 2315 1079 tri-

340 1137 396 1172 “
430 1129 710 1226 umpho
759 1129 852 1202 L.
897 1125 1275 1227 Scipionis,
1313 1145 1665 1226 quantum
1700 1153 1847 1200 non
1874 1127 2126 1200 decem
2160 1123 2313 1199 aliis

338 1257 396 1294 ‘⁸
431 1246 840 1347 triumphis,
908 1251 956 1322 fi
1010 1273 1224 1323 omne
1270 1247 1346 1320 in
1377 1273 1613 1321 unum
1644 1243 2070 1335 conferatur,
2098 1245 2185 1318 fit
2215 1246 2314 1320 la·

333 1377 392 1414 “
429 1371 644 1444 tum?
771 1371 970 1444 Nam
1029 1368 1212 1466 quid
1268 1369 1360 1442 de
1417 1367 1684 1443 finibus
1750 1365 1950 1468 regni
2018 1367 2313 1441 dicam?

333 1499 391 1536 ‘⁸
429 1491 668 1564 Afiatn
695 1506 987 1564 omnem
1022 1494 1090 1564 δι
1124 1487 1448 1588 proxima
1475 1491 1801 1588 Europae
1828 1486 2123 1562 tenuiffe
2160 1491 2313 1560 An-

335 1619 392 1654 “
427 1608 754 1685 tiochum
789 1611 816 1684 ?
919 1613 1028 1684 Ea
1071 1633 1337 1710 quanta
1361 1607 1565 1709 regio
1604 1609 1795 1685 orbis
1828 1629 2165 1684 terrarum
2202 1605 2311 1696 fit,

335 1742 392 1776 ‘⁴
427 1757 472 1806 a
521 1731 770 1806 Tauro
821 1749 1068 1805 monte
1121 1730 1198 1804 in
1235 1733 1607 1830 Aegaeum
1642 1729 1866 1828 usque
1899 1727 2311 1828 prominens

331 1861 392 1896 ‘⁴
427 1875 643 1940 mare,
672 1871 852 1950 quot
877 1877 1024 1925 non
1053 1854 1267 1927 urbes
1297 1854 1546 1939 mod0‚
1580 1851 1701 1925 sed
1736 1871 1979 1951 gentes
2006 1850 2314 1947 amplec-

334 1981 391 2018 “
429 1991 640 2060 tatur,
694 1994 942 2046 ornnes
987 1971 1181 2046 scire.
1301 1973 1521 2046 Hanc
1580 1969 1971 2071 regionem,
2032 1969 2315 2044 dierum

337 2102 394 2140 “
429 2093 592 2191 plus
625 2091 914 2192 triginta
945 2091 1022 2165 in
1047 2090 1606 2190 longitudinem,
1660 2093 1911 2166 decem
1938 2069 2122 2164 intei·
2156 2090 2309 2163 duo

334 2221 392 2258 ‘⁸‘
427 2211 646 2286 maria
679 2211 754 2284 in
787 2210 1237 2286 latitudinem
1272 2231 1655 2310 patentem,
1711 2210 1935 2310 usque
1968 2211 2060 2286 ad
2086 2207 2314 2285 Tauri

331 2341 389 2380 ‘⁶
422 2331 688 2408 montis
704 2335 883 2433 juga
909 2333 1278 2410 Antiocho
1298 2335 1682 2423 ademtam,
1710 2332 2003 2434 expulso
2030 2333 2104 2408 in
2140 2331 2309 2408 ulti-

333 2463 390 2503 ⁶‘
427 2477 636 2527 mum
694 2456 1042 2553 angulum
1095 2453 1287 2531 orbis
1336 2472 1703 2530 terrarum.
1803 2454 2036 2554 Qid,
2072 2453 2125 2526 fi
2154 2480 2311 2554 gra-

333 2583 386 2618 “
425 2573 610 2647 tuita'
641 2597 780 2673 pax
813 2576 1002 2663 effet,
1035 2577 1193 2674 plus
1227 2574 1446 2650 adimi
1479 2575 1545 2650 ei
1580 2573 1877 2675 potuiffe
1906 2579 1935 2650 ?
2036 2576 2311 2675 Philip-

339 2703 394 2738 “
435 2719 534 2792 po
573 2692 772 2769 vieto
803 2694 1340 2785 Macedoniam,
1377 2694 1654 2771 Nabidi
1686 2696 2310 2774 Lacedaemonem

327 2823 384 2858 “
421 2811 760 2888 relictam.
881 2817 1043 2890 Nec
1118 2815 1470 2917 Qinffio
1526 2816 1796 2891 crimen
1885 2819 2311 2917 quaefitum:

331 2945 390 2978 ‘⁸
427 2955 576 3008 non
630 2933 825 3010 enim
893 2935 1207 3012 habuisse
1267 2922 1436 3010 eum
1491 2935 1920 3012 Africanum
1978 2935 2307 3028 fratrem3

335 3063 398 3100 “
429 3055 632 3150 cujus
651 3079 884 3154 quum
905 3055 1126 3155 gloria
1148 3057 1463 3154 prodeffe
1487 3055 1574 3131 L.
1596 3055 1913 3156 Scipioni
1936 3057 2310 3148 debuiss'et,

329 3183 386 3220 “
426 3174 776 3250 invidiam
842 3175 1179 3251 nocuifl‘e.
1291 3179 1616 3252 Tantum
1677 3177 1828 3253 auri
1894 3177 2312 3280 argentique

330 3304 388 3341 “
414 3295 828 3392 judicatum
861 3299 994 3372 effe
1022 3295 1097 3371 in
1133 3299 1438 3372 domum
1465 3301 1559 3372 L.
1593 3297 1944 3398 Scipionis
1978 3301 2311 3391 inlatum,

329 3425 388 3462 ‘⁸
426 3435 809 3516 quantum,
835 3417 1144 3493 venditis
1196 3418 1537 3494 omnibus
1596 3419 1831 3509 bonis»,
1899 3421 2128 3524 redigi
2170 3448 2317 3498 non

331 3546 388 3582 ‘⁸
427 3539 672 3635 poffet.
769 3539 858 3612 Id
923 3537 1051 3614 ubi
1112 3563 1282 3639 ergo
1319 3541 1452 3614 effe
1507 3539 1793 3640 regium·
1820 3546 2129 3617 aurum?
2178 3542 2309 3619 ubi

328 3667 386 3703 ‘⁸
423 3677 534 3731 tot
589 3657 1049 3735 haereditates
1104 3663 1475 3760 acceptas?
1609 3663 1695 3736 In
1763 3664 2011 3751 domo,
2071 3671 2302 3764 'quam

329 3789 390 3822 ‘⁶
425 3777 698 3854 sumtus
732 3803 878 3854 non
911 3779 1382 3870 exhauserim,
1443 3781 1705 3856 exstare
1730 3779 2051 3858 debuiffe
2085 3809 2312 3859 novae

331 3908 392 3945 “
427 3897 752 3975 fortunae·
799 3901 1202 3976 cumulum.
1302 3905 1408 3975 At
1451 3900 1674 3989 enim,
1732 3903 1935 4002 quod
1978 3929 2069 3978 ex
2104 3904 2313 3982 bonis

332 4028 389 4064 ‘⁸
425 4019 657 4120 redigi
692 4045 839 4096 non
871 4021 1101 4122 poffit,
1160 4047 1253 4095 ex
1286 4047 1574 4122 corpore
1611 4025 1680 4097 ὅτ
1712 4041 1909 4123 tergo
1940 4051 2067 4122 per
2100 4051 2309 4101 vexa-

333 4147 390 4188 “
428 4139 702 4218 tionem
762 4145 834 4218 δε
891 4139 1355 4218 contumelias
1401 4143 1494 4218 L.
1554 4141 1905 4243 Scipionis
1969 4143 2312 4244 petituros

1310 4265 1359 4336 S
