<?xml version="1.0" encoding="UTF-8"?>
<!DOCTYPE html PUBLIC "-//W3C//DTD XHTML 1.0 Transitional//EN"
    "http://www.w3.org/TR/xhtml1/DTD/xhtml1-transitional.dtd">
<html xmlns="http://www.w3.org/1999/xhtml" xml:lang="en" lang="en">
 <head>
  <title>
</title>
<meta http-equiv="Content-Type" content="text/html;charset=utf-8" />
  <meta name='ocr-system' content='tesseract 3.04.00' />
  <meta name='ocr-capabilities' content='ocr_page ocr_carea ocr_par ocr_line ocrx_word'/>
</head>
<body>
  <div class='ocr_page' id='page_1' title='image "./tliviipatavinih01homegoog_0044.png"; bbox 0 0 3100 5359; ppageno 0'>
   <div class='ocr_carea' id='block_1_1' title="bbox 733 720 2002 824">
    <p class='ocr_par' dir='ltr' id='par_1_1' title="bbox 733 720 2002 824">
     <span class='ocr_line' id='line_1_1' title="bbox 733 720 2002 824; baseline -0.001 -30"><span class='ocrx_word' id='word_1_1' title='bbox 733 723 827 824; x_wconf 83' lang='lat'>36</span> <span class='ocrx_word' id='word_1_2' title='bbox 1373 720 2002 794; x_wconf 80' lang='lat' dir='ltr'>T.L1v11</span> 
     </span>
    </p>
   </div>
   <div class='ocr_carea' id='block_1_2' title="bbox 738 887 2730 4222">
    <p class='ocr_par' dir='ltr' id='par_1_2' title="bbox 738 887 2720 2076">
     <span class='ocr_line' id='line_1_2' title="bbox 738 887 2710 994; baseline -0.002 -23"><span class='ocrx_word' id='word_1_3' title='bbox 738 916 853 974; x_wconf 89' lang='lat' dir='ltr'>tus</span> <span class='ocrx_word' id='word_1_4' title='bbox 886 895 963 971; x_wconf 89' lang='lat' dir='ltr'>in</span> <span class='ocrx_word' id='word_1_5' title='bbox 996 893 1418 972; x_wconf 85' lang='lat' dir='ltr'>concionem</span> <span class='ocrx_word' id='word_1_6' title='bbox 1445 892 1608 970; x_wconf 83' lang='lat' dir='ltr'>sunt</span> <span class='ocrx_word' id='word_1_7' title='bbox 1639 891 2011 994; x_wconf 71' lang='lat' dir='ltr'>producti:</span> <span class='ocrx_word' id='word_1_8' title='bbox 2047 911 2262 992; x_wconf 81' lang='lat' dir='ltr'>atque</span> <span class='ocrx_word' id='word_1_9' title='bbox 2293 887 2399 968; x_wconf 89' lang='lat' dir='ltr'>ibi</span> <span class='ocrx_word' id='word_1_10' title='bbox 2419 891 2710 984; x_wconf 71' lang='lat' dir='ltr'>eadem,</span> 
     </span>
     <span class='ocr_line' id='line_1_3' title="bbox 741 1011 2703 1118; baseline -0.003 -24"><span class='ocrx_word' id='word_1_11' title='bbox 741 1044 922 1118; x_wconf 81' lang='lat' dir='ltr'>quae</span> <span class='ocrx_word' id='word_1_12' title='bbox 976 1015 1053 1090; x_wconf 90' lang='lat' dir='ltr'>in</span> <span class='ocrx_word' id='word_1_13' title='bbox 1106 1014 1373 1103; x_wconf 80' lang='lat' dir='ltr'>senatu,</span> <span class='ocrx_word' id='word_1_14' title='bbox 1424 1016 1518 1089; x_wconf 89' lang='lat' dir='ltr'>de</span> <span class='ocrx_word' id='word_1_15' title='bbox 1557 1017 1767 1090; x_wconf 86' lang='lat' dir='ltr'>rebus</span> <span class='ocrx_word' id='word_1_16' title='bbox 1799 1013 1877 1090; x_wconf 92' lang='lat' dir='ltr'>in</span> <span class='ocrx_word' id='word_1_17' title='bbox 1925 1011 2212 1090; x_wconf 85' lang='lat' dir='ltr'><strong>Aetolia</strong></span> <span class='ocrx_word' id='word_1_18' title='bbox 2243 1011 2452 1112; x_wconf 86' lang='lat' dir='ltr'>gestis</span> <span class='ocrx_word' id='word_1_19' title='bbox 2481 1039 2703 1112; x_wconf 85' lang='lat' dir='ltr'>expo-</span> 
     </span>
     <span class='ocr_line' id='line_1_4' title="bbox 739 1131 2718 1232; baseline -0.002 -19"><span class='ocrx_word' id='word_1_20' title='bbox 739 1138 1057 1213; x_wconf 87' lang='lat' dir='ltr'>suerunt:</span> <span class='ocrx_word' id='word_1_21' title='bbox 1092 1133 1533 1232; x_wconf 77' lang='lat' dir='ltr'>supplicatio</span> <span class='ocrx_word' id='word_1_22' title='bbox 1559 1133 1636 1210; x_wconf 89' lang='lat' dir='ltr'>in</span> <span class='ocrx_word' id='word_1_23' title='bbox 1676 1133 2000 1213; x_wconf 84' lang='lat' dir='ltr'>triduum</span> <span class='ocrx_word' id='word_1_24' title='bbox 2035 1135 2316 1213; x_wconf 81' lang='lat' dir='ltr'>decreta</span> <span class='ocrx_word' id='word_1_25' title='bbox 2345 1131 2483 1221; x_wconf 79' lang='lat' dir='ltr'>est3</span> <span class='ocrx_word' id='word_1_26' title='bbox 2535 1137 2604 1210; x_wconf 69' lang='grc' dir='ltr'>δι</span> <span class='ocrx_word' id='word_1_27' title='bbox 2631 1153 2718 1210; x_wconf 81' lang='lat' dir='ltr'>ut</span> 
     </span>
     <span class='ocr_line' id='line_1_5' title="bbox 751 1251 2720 1357; baseline -0.001 -26"><span class='ocrx_word' id='word_1_28' title='bbox 751 1254 1223 1357; x_wconf 87' lang='lat' dir='ltr'>quadraginta</span> <span class='ocrx_word' id='word_1_29' title='bbox 1250 1252 1490 1328; x_wconf 80' lang='lat' dir='ltr'>hostiis</span> <span class='ocrx_word' id='word_1_30' title='bbox 1516 1253 1902 1350; x_wconf 52' lang='lat' dir='ltr'>majoribus</span> <span class='ocrx_word' id='word_1_31' title='bbox 1930 1273 2231 1353; x_wconf 82' lang='lat' dir='ltr'>praetor,</span> <span class='ocrx_word' id='word_1_32' title='bbox 2265 1252 2532 1352; x_wconf 80' lang='lat' dir='ltr'>quibus</span> <span class='ocrx_word' id='word_1_33' title='bbox 2553 1251 2720 1334; x_wconf 74' lang='lat' dir='ltr'>Diis</span> 
     </span>
     <span class='ocr_line' id='line_1_6' title="bbox 743 1372 2717 1463; baseline -0.002 -11"><span class='ocrx_word' id='word_1_34' title='bbox 743 1378 811 1453; x_wconf 90' lang='lat' dir='ltr'>ei</span> <span class='ocrx_word' id='word_1_35' title='bbox 843 1377 1227 1463; x_wconf 88' lang='lat' dir='ltr'>videretur,</span> <span class='ocrx_word' id='word_1_36' title='bbox 1282 1372 1713 1452; x_wconf 83' lang='lat' dir='ltr'>sacrificaret.</span> <span class='ocrx_word' id='word_1_37' title='bbox 1815 1377 1950 1452; x_wconf 90' lang='lat' dir='ltr'>Per</span> <span class='ocrx_word' id='word_1_38' title='bbox 1987 1374 2272 1454; x_wconf 87' lang='lat' dir='ltr'>eosdem</span> <span class='ocrx_word' id='word_1_39' title='bbox 2298 1373 2452 1449; x_wconf 90' lang='lat' dir='ltr'>dies</span> <span class='ocrx_word' id='word_1_40' title='bbox 2489 1377 2560 1448; x_wconf 75' lang='grc' dir='ltr'>δε</span> <span class='ocrx_word' id='word_1_41' title='bbox 2595 1376 2717 1448; x_wconf 89' lang='grc' dir='ltr'>Μ.</span> 
     </span>
     <span class='ocr_line' id='line_1_7' title="bbox 744 1458 2718 1594; baseline -0.002 -20"><span class='ocrx_word' id='word_1_42' title='bbox 744 1497 1045 1574; x_wconf 84' lang='lat' dir='ltr'>Fulvius</span> <span class='ocrx_word' id='word_1_43' title='bbox 1064 1493 1427 1582; x_wconf 79' lang='lat' dir='ltr'>Nobilior,</span> <span class='ocrx_word' id='word_1_44' title='bbox 1479 1494 1614 1594; x_wconf 91' lang='lat' dir='ltr'>qui</span> <span class='ocrx_word' id='word_1_45' title='bbox 1637 1493 1928 1570; x_wconf 84' lang='lat' dir='ltr'>biennio</span> <span class='ocrx_word' id='word_1_46' title='bbox 1955 1515 2114 1572; x_wconf 87' lang='lat' dir='ltr'>ante</span> <span class='ocrx_word' id='word_1_47' title='bbox 2140 1515 2414 1593; x_wconf 78' lang='lat' dir='ltr'>praetor</span> <span class='ocrx_word' id='word_1_48' title='bbox 2435 1494 2512 1570; x_wconf 88' lang='lat' dir='ltr'>in</span> <span class='ocrx_word' id='word_1_49' title='bbox 2541 1458 2718 1572; x_wconf 69' lang='lat' dir='ltr'>Hi?-</span> 
     </span>
     <span class='ocr_line' id='line_1_8' title="bbox 747 1614 2716 1716; baseline -0.003 -22"><span class='ocrx_word' id='word_1_50' title='bbox 747 1616 1033 1716; x_wconf 80' lang='lat' dir='ltr'>paniarn</span> <span class='ocrx_word' id='word_1_51' title='bbox 1074 1637 1217 1692; x_wconf 85' lang='lat' dir='ltr'>erat</span> <span class='ocrx_word' id='word_1_52' title='bbox 1249 1614 1634 1715; x_wconf 70' lang='lat' dir='ltr'>profectus,</span> <span class='ocrx_word' id='word_1_53' title='bbox 1687 1641 1902 1690; x_wconf 82' lang='lat' dir='ltr'>ovans</span> <span class='ocrx_word' id='word_1_54' title='bbox 1935 1618 2192 1693; x_wconf 85' lang='lat' dir='ltr'>urbem</span> <span class='ocrx_word' id='word_1_55' title='bbox 2217 1615 2318 1692; x_wconf 87' lang='lat' dir='ltr'>est</span> <span class='ocrx_word' id='word_1_56' title='bbox 2343 1614 2716 1716; x_wconf 74' lang='lat' dir='ltr'>ingrefl&#39;usz</span> 
     </span>
     <span class='ocr_line' id='line_1_9' title="bbox 748 1732 2720 1837; baseline -0.004 -20"><span class='ocrx_word' id='word_1_57' title='bbox 748 1736 1025 1837; x_wconf 83' lang='lat' dir='ltr'><strong>argenti</strong></span> <span class='ocrx_word' id='word_1_58' title='bbox 1061 1734 1283 1836; x_wconf 88' lang='lat' dir='ltr'>bigati</span> <span class='ocrx_word' id='word_1_59' title='bbox 1317 1760 1482 1833; x_wconf 86' lang='lat' dir='ltr'>prae</span> <span class='ocrx_word' id='word_1_60' title='bbox 1515 1733 1582 1810; x_wconf 91' lang='lat' dir='ltr'>se</span> <span class='ocrx_word' id='word_1_61' title='bbox 1619 1734 1783 1810; x_wconf 90' lang='lat' dir='ltr'>tulit</span> <span class='ocrx_word' id='word_1_62' title='bbox 1815 1757 2111 1813; x_wconf 87' lang='lat' dir='ltr'>centurn</span> <span class='ocrx_word' id='word_1_63' title='bbox 2143 1734 2430 1836; x_wconf 85' lang='lat' dir='ltr'>triginta</span> <span class='ocrx_word' id='word_1_64' title='bbox 2460 1732 2720 1812; x_wconf 67' lang='lat' dir='ltr'>millias</span> 
     </span>
     <span class='ocr_line' id='line_1_10' title="bbox 752 1849 2720 1958; baseline -0.004 -22"><span class='ocrx_word' id='word_1_65' title='bbox 752 1863 822 1936; x_wconf 84' lang='lat'>&amp;</span> <span class='ocrx_word' id='word_1_66' title='bbox 857 1878 1053 1934; x_wconf 82' lang='lat' dir='ltr'>extra</span> <span class='ocrx_word' id='word_1_67' title='bbox 1074 1876 1527 1930; x_wconf 79' lang='lat' dir='ltr'>numeratum</span> <span class='ocrx_word' id='word_1_68' title='bbox 1550 1855 1940 1936; x_wconf 85' lang='lat' dir='ltr'>duodecim</span> <span class='ocrx_word' id='word_1_69' title='bbox 1961 1849 2187 1932; x_wconf 83' lang='lat' dir='ltr'>millia</span> <span class='ocrx_word' id='word_1_70' title='bbox 2205 1857 2450 1958; x_wconf 90' lang='lat' dir='ltr'>pondo</span> <span class='ocrx_word' id='word_1_71' title='bbox 2475 1881 2720 1954; x_wconf 82' lang='lat' dir='ltr'>argen-</span> 
     </span>
     <span class='ocr_line' id='line_1_11' title="bbox 753 1974 2244 2076; baseline -0.002 -23"><span class='ocrx_word' id='word_1_72' title='bbox 753 1976 845 2054; x_wconf 65' lang='grc' dir='ltr'>εἰς</span> <span class='ocrx_word' id='word_1_73' title='bbox 897 1976 1052 2051; x_wconf 87' lang='lat' dir='ltr'>auri</span> <span class='ocrx_word' id='word_1_74' title='bbox 1088 1978 1333 2076; x_wconf 89' lang='lat' dir='ltr'>pondo</span> <span class='ocrx_word' id='word_1_75' title='bbox 1362 1996 1656 2052; x_wconf 87' lang='lat' dir='ltr'>centum</span> <span class='ocrx_word' id='word_1_76' title='bbox 1676 1974 1928 2075; x_wconf 85' lang='lat' dir='ltr'>viginti</span> <span class='ocrx_word' id='word_1_77' title='bbox 1953 1975 2244 2074; x_wconf 87' lang='lat' dir='ltr'><strong>septem.</strong></span> 
     </span>
    </p>

    <p class='ocr_par' dir='ltr' id='par_1_3' title="bbox 749 2094 2730 4222">
     <span class='ocr_line' id='line_1_12' title="bbox 850 2094 2723 2194; baseline 0 -22"><span class='ocrx_word' id='word_1_78' title='bbox 850 2097 1101 2172; x_wconf 91' lang='lat' dir='ltr'>XXII.</span> <span class='ocrx_word' id='word_1_79' title='bbox 1202 2095 1485 2172; x_wconf 88' lang='lat' dir='ltr'>Acilius</span> <span class='ocrx_word' id='word_1_80' title='bbox 1524 2094 1768 2170; x_wconf 91' lang='lat' dir='ltr'>consul</span> <span class='ocrx_word' id='word_1_81' title='bbox 1813 2100 1904 2172; x_wconf 82' lang='lat' dir='ltr'>ab</span> <span class='ocrx_word' id='word_1_82' title='bbox 1944 2094 2447 2194; x_wconf 86' lang='lat' dir='ltr'>Thermopylis</span> <span class='ocrx_word' id='word_1_83' title='bbox 2490 2095 2723 2172; x_wconf 79' lang='lat' dir='ltr'>Hera-</span> 
     </span>
     <span class='ocr_line' id='line_1_13' title="bbox 749 2214 2722 2317; baseline -0.002 -22"><span class='ocrx_word' id='word_1_84' title='bbox 749 2221 973 2296; x_wconf 83' lang='lat' dir='ltr'>cleam</span> <span class='ocrx_word' id='word_1_85' title='bbox 1008 2219 1101 2294; x_wconf 87' lang='lat' dir='ltr'>ad</span> <span class='ocrx_word' id='word_1_86' title='bbox 1129 2220 1425 2294; x_wconf 86' lang='lat' dir='ltr'>Aetolos</span> <span class='ocrx_word' id='word_1_87' title='bbox 1459 2216 1834 2317; x_wconf 86' lang='lat' dir='ltr'>praemifit,</span> <span class='ocrx_word' id='word_1_88' title='bbox 1887 2227 1937 2260; x_wconf 91' lang='lat'><strong>“</strong></span> <span class='ocrx_word' id='word_1_89' title='bbox 1975 2237 2060 2292; x_wconf 86' lang='lat' dir='ltr'>ut</span> <span class='ocrx_word' id='word_1_90' title='bbox 2089 2236 2262 2292; x_wconf 91' lang='lat' dir='ltr'>tunc</span> <span class='ocrx_word' id='word_1_91' title='bbox 2295 2214 2564 2302; x_wconf 84' lang='lat' dir='ltr'>saltem,</span> <span class='ocrx_word' id='word_1_92' title='bbox 2597 2241 2722 2292; x_wconf 82' lang='lat' dir='ltr'>ex-</span> 
     </span>
     <span class='ocr_line' id='line_1_14' title="bbox 753 2335 2722 2439; baseline -0.001 -26"><span class='ocrx_word' id='word_1_93' title='bbox 753 2349 805 2382; x_wconf 88' lang='lat'><strong>“</strong></span> <span class='ocrx_word' id='word_1_94' title='bbox 840 2337 1023 2438; x_wconf 88' lang='lat' dir='ltr'>perti</span> <span class='ocrx_word' id='word_1_95' title='bbox 1048 2339 1315 2439; x_wconf 85' lang='lat' dir='ltr'>regiam</span> <span class='ocrx_word' id='word_1_96' title='bbox 1340 2337 1752 2426; x_wconf 83' lang='lat' dir='ltr'>vanitatem,</span> <span class='ocrx_word' id='word_1_97' title='bbox 1785 2335 2290 2434; x_wconf 83' lang='lat' dir='ltr'>refipiscerent3</span> <span class='ocrx_word' id='word_1_98' title='bbox 2324 2335 2722 2435; x_wconf 84' lang='lat' dir='ltr'>traditaque</span> 
     </span>
     <span class='ocr_line' id='line_1_15' title="bbox 752 2454 2720 2558; baseline -0.001 -24"><span class='ocrx_word' id='word_1_99' title='bbox 752 2468 802 2504; x_wconf 88' lang='lat'><strong>“</strong></span> <span class='ocrx_word' id='word_1_100' title='bbox 840 2461 1218 2547; x_wconf 76' lang='lat' dir='ltr'>Heraclea,</span> <span class='ocrx_word' id='word_1_101' title='bbox 1275 2458 1668 2558; x_wconf 86' lang='lat' dir='ltr'>cogitarent</span> <span class='ocrx_word' id='word_1_102' title='bbox 1702 2458 1794 2532; x_wconf 92' lang='lat' dir='ltr'>de</span> <span class='ocrx_word' id='word_1_103' title='bbox 1837 2457 2144 2556; x_wconf 79' lang='lat' dir='ltr'>petenda</span> <span class='ocrx_word' id='word_1_104' title='bbox 2173 2459 2266 2532; x_wconf 90' lang='lat' dir='ltr'>ab</span> <span class='ocrx_word' id='word_1_105' title='bbox 2314 2454 2550 2532; x_wconf 83' lang='lat' dir='ltr'>senatu</span> <span class='ocrx_word' id='word_1_106' title='bbox 2599 2454 2720 2532; x_wconf 89' lang='lat' dir='ltr'>seu</span> 
     </span>
     <span class='ocr_line' id='line_1_16' title="bbox 752 2575 2721 2666; baseline -0.001 -12"><span class='ocrx_word' id='word_1_107' title='bbox 752 2589 805 2624; x_wconf 89' lang='lat'><strong>“</strong></span> <span class='ocrx_word' id='word_1_108' title='bbox 842 2577 1093 2654; x_wconf 81' lang='lat' dir='ltr'>furoris</span> <span class='ocrx_word' id='word_1_109' title='bbox 1119 2577 1255 2666; x_wconf 84' lang='lat' dir='ltr'>sui,</span> <span class='ocrx_word' id='word_1_110' title='bbox 1306 2576 1423 2653; x_wconf 89' lang='lat' dir='ltr'>seu</span> <span class='ocrx_word' id='word_1_111' title='bbox 1460 2575 1707 2652; x_wconf 88' lang='lat' dir='ltr'>erroris</span> <span class='ocrx_word' id='word_1_112' title='bbox 1739 2575 1968 2652; x_wconf 84' lang='lat' dir='ltr'>venia.</span> <span class='ocrx_word' id='word_1_113' title='bbox 2069 2578 2167 2650; x_wconf 91' lang='lat' dir='ltr'>Et</span> <span class='ocrx_word' id='word_1_114' title='bbox 2201 2595 2460 2652; x_wconf 86' lang='lat' dir='ltr'>ceteras</span> <span class='ocrx_word' id='word_1_115' title='bbox 2490 2578 2721 2658; x_wconf 82' lang='lat' dir='ltr'>Grae-</span> 
     </span>
     <span class='ocr_line' id='line_1_17' title="bbox 756 2694 2717 2795; baseline -0.002 -22"><span class='ocrx_word' id='word_1_116' title='bbox 756 2709 809 2744; x_wconf 91' lang='lat'><strong>“</strong></span> <span class='ocrx_word' id='word_1_117' title='bbox 847 2697 995 2773; x_wconf 85' lang='lat' dir='ltr'>ciac</span> <span class='ocrx_word' id='word_1_118' title='bbox 1030 2697 1347 2774; x_wconf 85' lang='lat' dir='ltr'>civitates</span> <span class='ocrx_word' id='word_1_119' title='bbox 1388 2695 1715 2772; x_wconf 75' lang='lat' dir='ltr'>defecisse</span> <span class='ocrx_word' id='word_1_120' title='bbox 1750 2719 1836 2770; x_wconf 88' lang='lat' dir='ltr'>eo</span> <span class='ocrx_word' id='word_1_121' title='bbox 1872 2697 2060 2770; x_wconf 88' lang='lat' dir='ltr'>bello</span> <span class='ocrx_word' id='word_1_122' title='bbox 2093 2699 2186 2772; x_wconf 88' lang='lat' dir='ltr'>ab</span> <span class='ocrx_word' id='word_1_123' title='bbox 2217 2695 2488 2795; x_wconf 87' lang='lat' dir='ltr'>optime</span> <span class='ocrx_word' id='word_1_124' title='bbox 2523 2697 2614 2772; x_wconf 90' lang='lat' dir='ltr'>de</span> <span class='ocrx_word' id='word_1_125' title='bbox 2649 2694 2717 2771; x_wconf 85' lang='lat' dir='ltr'>se</span> 
     </span>
     <span class='ocr_line' id='line_1_18' title="bbox 755 2813 2722 2915; baseline -0.002 -23"><span class='ocrx_word' id='word_1_126' title='bbox 755 2828 809 2864; x_wconf 90' lang='lat'>“</span> <span class='ocrx_word' id='word_1_127' title='bbox 846 2816 1117 2892; x_wconf 85' lang='lat' dir='ltr'>meritis</span> <span class='ocrx_word' id='word_1_128' title='bbox 1170 2815 1558 2895; x_wconf 81' lang='lat' dir='ltr'>Romanis:</span> <span class='ocrx_word' id='word_1_129' title='bbox 1609 2813 1757 2904; x_wconf 91' lang='lat' dir='ltr'>sed,</span> <span class='ocrx_word' id='word_1_130' title='bbox 1811 2813 1984 2914; x_wconf 87' lang='lat' dir='ltr'>quia</span> <span class='ocrx_word' id='word_1_131' title='bbox 2026 2814 2186 2912; x_wconf 89' lang='lat' dir='ltr'>post</span> <span class='ocrx_word' id='word_1_132' title='bbox 2228 2814 2477 2914; x_wconf 80' lang='lat' dir='ltr'>fugam</span> <span class='ocrx_word' id='word_1_133' title='bbox 2512 2815 2722 2915; x_wconf 74' lang='lat' dir='ltr'>regis,</span> 
     </span>
     <span class='ocr_line' id='line_1_19' title="bbox 755 2934 2727 3034; baseline 0 -22"><span class='ocrx_word' id='word_1_134' title='bbox 755 2948 808 2982; x_wconf 90' lang='lat'><strong>“</strong></span> <span class='ocrx_word' id='word_1_135' title='bbox 845 2937 1049 3034; x_wconf 85' lang='lat' dir='ltr'>cujus</span> <span class='ocrx_word' id='word_1_136' title='bbox 1080 2934 1353 3012; x_wconf 82' lang='lat' dir='ltr'>fiducia</span> <span class='ocrx_word' id='word_1_137' title='bbox 1370 2935 1610 3010; x_wconf 85' lang='lat' dir='ltr'>officio</span> <span class='ocrx_word' id='word_1_138' title='bbox 1629 2934 2080 3023; x_wconf 78' lang='lat' dir='ltr'>deceffifi‘ent,</span> <span class='ocrx_word' id='word_1_139' title='bbox 2125 2959 2274 3010; x_wconf 90' lang='lat' dir='ltr'>non</span> <span class='ocrx_word' id='word_1_140' title='bbox 2298 2935 2727 3012; x_wconf 78' lang='lat' dir='ltr'>addidissent</span> 
     </span>
     <span class='ocr_line' id='line_1_20' title="bbox 754 3055 2722 3157; baseline 0 -25"><span class='ocrx_word' id='word_1_141' title='bbox 754 3067 807 3104; x_wconf 90' lang='lat'>“</span> <span class='ocrx_word' id='word_1_142' title='bbox 842 3055 1301 3157; x_wconf 82' lang='lat' dir='ltr'>pertinaciam</span> <span class='ocrx_word' id='word_1_143' title='bbox 1328 3058 1608 3154; x_wconf 76' lang='lat' dir='ltr'>culpae,</span> <span class='ocrx_word' id='word_1_144' title='bbox 1641 3055 1718 3129; x_wconf 90' lang='lat' dir='ltr'>in</span> <span class='ocrx_word' id='word_1_145' title='bbox 1745 3055 1968 3130; x_wconf 89' lang='lat' dir='ltr'>fidem</span> <span class='ocrx_word' id='word_1_146' title='bbox 1991 3075 2302 3152; x_wconf 84' lang='lat' dir='ltr'>receptas</span> <span class='ocrx_word' id='word_1_147' title='bbox 2333 3057 2490 3134; x_wconf 84' lang='lat' dir='ltr'>effe.</span> <span class='ocrx_word' id='word_1_148' title='bbox 2575 3061 2722 3132; x_wconf 85' lang='lat' dir='ltr'>Ae-</span> 
     </span>
     <span class='ocr_line' id='line_1_21' title="bbox 756 3173 2724 3276; baseline 0 -24"><span class='ocrx_word' id='word_1_149' title='bbox 756 3188 810 3224; x_wconf 89' lang='lat'><strong>“</strong></span> <span class='ocrx_word' id='word_1_150' title='bbox 848 3178 1026 3252; x_wconf 85' lang='lat' dir='ltr'>tolos</span> <span class='ocrx_word' id='word_1_151' title='bbox 1055 3203 1377 3276; x_wconf 85' lang='lat' dir='ltr'>quoque,</span> <span class='ocrx_word' id='word_1_152' title='bbox 1412 3201 1857 3275; x_wconf 81' lang='lat' dir='ltr'>quamquam</span> <span class='ocrx_word' id='word_1_153' title='bbox 1891 3201 2035 3250; x_wconf 90' lang='lat' dir='ltr'>non</span> <span class='ocrx_word' id='word_1_154' title='bbox 2057 3173 2278 3252; x_wconf 86' lang='lat' dir='ltr'>secuti</span> <span class='ocrx_word' id='word_1_155' title='bbox 2299 3179 2427 3252; x_wconf 85' lang='lat' dir='ltr'>fint</span> <span class='ocrx_word' id='word_1_156' title='bbox 2453 3202 2724 3274; x_wconf 85' lang='lat' dir='ltr'>regem,</span> 
     </span>
     <span class='ocr_line' id='line_1_22' title="bbox 758 3295 2728 3386; baseline 0.001 -14"><span class='ocrx_word' id='word_1_157' title='bbox 758 3308 810 3344; x_wconf 86' lang='lat'><strong>“</strong></span> <span class='ocrx_word' id='word_1_158' title='bbox 847 3297 968 3374; x_wconf 91' lang='lat' dir='ltr'>sed</span> <span class='ocrx_word' id='word_1_159' title='bbox 1018 3296 1463 3386; x_wconf 79' lang='lat' dir='ltr'>arceffierint,</span> <span class='ocrx_word' id='word_1_160' title='bbox 1520 3299 1590 3372; x_wconf 73' lang='grc' dir='ltr'>δε</span> <span class='ocrx_word' id='word_1_161' title='bbox 1637 3297 1860 3372; x_wconf 81' lang='lat' dir='ltr'>duces</span> <span class='ocrx_word' id='word_1_162' title='bbox 1893 3296 2091 3384; x_wconf 89' lang='lat' dir='ltr'>belli,</span> <span class='ocrx_word' id='word_1_163' title='bbox 2145 3323 2292 3372; x_wconf 89' lang='lat' dir='ltr'>non</span> <span class='ocrx_word' id='word_1_164' title='bbox 2340 3295 2536 3386; x_wconf 89' lang='lat' dir='ltr'>socii,</span> <span class='ocrx_word' id='word_1_165' title='bbox 2571 3295 2728 3373; x_wconf 88' lang='lat' dir='ltr'>fue·</span> 
     </span>
     <span class='ocr_line' id='line_1_23' title="bbox 758 3415 2727 3516; baseline 0.001 -24"><span class='ocrx_word' id='word_1_166' title='bbox 758 3426 811 3464; x_wconf 86' lang='lat'><strong>“</strong></span> <span class='ocrx_word' id='word_1_167' title='bbox 846 3415 1016 3505; x_wconf 89' lang='lat' dir='ltr'>rint,</span> <span class='ocrx_word' id='word_1_168' title='bbox 1082 3419 1131 3492; x_wconf 90' lang='lat' dir='ltr'>fi</span> <span class='ocrx_word' id='word_1_169' title='bbox 1195 3416 1556 3515; x_wconf 85' lang='lat' dir='ltr'>poenitere</span> <span class='ocrx_word' id='word_1_170' title='bbox 1607 3418 1886 3513; x_wconf 88' lang='lat' dir='ltr'>poffint,</span> <span class='ocrx_word' id='word_1_171' title='bbox 1945 3419 2136 3516; x_wconf 88' lang='lat' dir='ltr'>poffe</span> <span class='ocrx_word' id='word_1_172' title='bbox 2189 3421 2255 3492; x_wconf 79' lang='grc' dir='ltr'>δι</span> <span class='ocrx_word' id='word_1_173' title='bbox 2325 3417 2727 3494; x_wconf 81' lang='lat' dir='ltr'>incolumes</span> 
     </span>
     <span class='ocr_line' id='line_1_24' title="bbox 758 3535 2725 3638; baseline 0 -26"><span class='ocrx_word' id='word_1_174' title='bbox 758 3546 809 3582; x_wconf 89' lang='lat'><strong>“</strong></span> <span class='ocrx_word' id='word_1_175' title='bbox 846 3538 1049 3612; x_wconf 84' lang='lat' dir='ltr'>effe.&#39;’</span> <span class='ocrx_word' id='word_1_176' title='bbox 1148 3537 1275 3612; x_wconf 92' lang='lat' dir='ltr'>Ad</span> <span class='ocrx_word' id='word_1_177' title='bbox 1308 3563 1393 3612; x_wconf 87' lang='lat' dir='ltr'>ea</span> <span class='ocrx_word' id='word_1_178' title='bbox 1418 3561 1654 3634; x_wconf 88' lang='lat' dir='ltr'>quum</span> <span class='ocrx_word' id='word_1_179' title='bbox 1687 3535 1921 3634; x_wconf 81' lang='lat' dir='ltr'>pacati</span> <span class='ocrx_word' id='word_1_180' title='bbox 1952 3536 2134 3614; x_wconf 81' lang='lat' dir='ltr'>nihil</span> <span class='ocrx_word' id='word_1_181' title='bbox 2167 3537 2725 3638; x_wconf 86' lang='lat' dir='ltr'>responderetur,</span> 
     </span>
     <span class='ocr_line' id='line_1_25' title="bbox 750 3655 2724 3758; baseline -0.001 -24"><span class='ocrx_word' id='word_1_182' title='bbox 750 3657 1286 3756; x_wconf 82' lang='lat' dir='ltr'>adpareretque,</span> <span class='ocrx_word' id='word_1_183' title='bbox 1322 3655 1533 3733; x_wconf 83' lang='lat' dir='ltr'>armis</span> <span class='ocrx_word' id='word_1_184' title='bbox 1563 3681 1712 3731; x_wconf 91' lang='lat' dir='ltr'>rem</span> <span class='ocrx_word' id='word_1_185' title='bbox 1741 3657 2152 3756; x_wconf 85' lang='lat' dir='ltr'>gerendam,</span> <span class='ocrx_word' id='word_1_186' title='bbox 2189 3662 2288 3747; x_wconf 80' lang='grc' dir='ltr'>ὅτ,</span> <span class='ocrx_word' id='word_1_187' title='bbox 2319 3685 2484 3758; x_wconf 85' lang='lat' dir='ltr'>rege</span> <span class='ocrx_word' id='word_1_188' title='bbox 2517 3658 2724 3758; x_wconf 85' lang='lat' dir='ltr'>supe-</span> 
     </span>
     <span class='ocr_line' id='line_1_26' title="bbox 753 3773 2730 3877; baseline 0.003 -26"><span class='ocrx_word' id='word_1_189' title='bbox 753 3797 931 3865; x_wconf 85' lang='lat' dir='ltr'>rato,</span> <span class='ocrx_word' id='word_1_190' title='bbox 983 3777 1259 3852; x_wconf 83' lang='lat' dir='ltr'>bellum</span> <span class='ocrx_word' id='word_1_191' title='bbox 1304 3773 1720 3852; x_wconf 87' lang='lat' dir='ltr'>Aetolicum</span> <span class='ocrx_word' id='word_1_192' title='bbox 1771 3774 2132 3877; x_wconf 83' lang='lat' dir='ltr'>integrum</span> <span class='ocrx_word' id='word_1_193' title='bbox 2163 3777 2410 3856; x_wconf 80' lang='lat' dir='ltr'>restare</span> <span class='ocrx_word' id='word_1_194' title='bbox 2433 3813 2460 3868; x_wconf 80' lang='lat'>3</span> <span class='ocrx_word' id='word_1_195' title='bbox 2511 3779 2730 3858; x_wconf 77' lang='lat' dir='ltr'>castra</span> 
     </span>
     <span class='ocr_line' id='line_1_27' title="bbox 754 3895 2728 4000; baseline 0.002 -26"><span class='ocrx_word' id='word_1_196' title='bbox 754 3899 847 3974; x_wconf 81' lang='lat' dir='ltr'>ab</span> <span class='ocrx_word' id='word_1_197' title='bbox 877 3895 1385 3996; x_wconf 81' lang='lat' dir='ltr'>Thermopylis</span> <span class='ocrx_word' id='word_1_198' title='bbox 1408 3897 1502 3972; x_wconf 87' lang='lat' dir='ltr'>ad</span> <span class='ocrx_word' id='word_1_199' title='bbox 1535 3896 1963 3974; x_wconf 82' lang='lat' dir='ltr'>Heracleam</span> <span class='ocrx_word' id='word_1_200' title='bbox 1997 3899 2257 3978; x_wconf 88' lang='lat' dir='ltr'>movit:</span> <span class='ocrx_word' id='word_1_201' title='bbox 2309 3925 2540 3999; x_wconf 88' lang='lat' dir='ltr'>eoque</span> <span class='ocrx_word' id='word_1_202' title='bbox 2575 3899 2728 4000; x_wconf 87' lang='lat' dir='ltr'>ipso</span> 
     </span>
     <span class='ocr_line' id='line_1_28' title="bbox 755 4015 2728 4120; baseline 0.002 -25"><span class='ocrx_word' id='word_1_203' title='bbox 755 4016 902 4107; x_wconf 88' lang='lat' dir='ltr'>die,</span> <span class='ocrx_word' id='word_1_204' title='bbox 959 4036 1046 4092; x_wconf 90' lang='lat' dir='ltr'>ut</span> <span class='ocrx_word' id='word_1_205' title='bbox 1078 4019 1289 4093; x_wconf 86' lang='lat' dir='ltr'>fitum</span> <span class='ocrx_word' id='word_1_206' title='bbox 1322 4015 1638 4092; x_wconf 87' lang='lat' dir='ltr'>nosceret</span> <span class='ocrx_word' id='word_1_207' title='bbox 1663 4016 1888 4106; x_wconf 75' lang='lat' dir='ltr'>urbiS,</span> <span class='ocrx_word' id='word_1_208' title='bbox 1939 4022 2032 4095; x_wconf 89' lang='lat' dir='ltr'>ab</span> <span class='ocrx_word' id='word_1_209' title='bbox 2075 4019 2277 4096; x_wconf 88' lang='lat' dir='ltr'>omni</span> <span class='ocrx_word' id='word_1_210' title='bbox 2309 4041 2501 4118; x_wconf 82' lang='lat' dir='ltr'>parte</span> <span class='ocrx_word' id='word_1_211' title='bbox 2535 4045 2728 4120; x_wconf 81' lang='lat' dir='ltr'>equo</span> 
     </span>
     <span class='ocr_line' id='line_1_29' title="bbox 756 4135 2728 4222; baseline 0.002 -6"><span class='ocrx_word' id='word_1_212' title='bbox 756 4137 1045 4216; x_wconf 80' lang='lat' dir='ltr'>moenia</span> <span class='ocrx_word' id='word_1_213' title='bbox 1074 4135 1177 4214; x_wconf 89' lang='lat' dir='ltr'>est</span> <span class='ocrx_word' id='word_1_214' title='bbox 1195 4135 1743 4214; x_wconf 68' lang='lat' dir='ltr'>circumvectus.</span> <span class='ocrx_word' id='word_1_215' title='bbox 1841 4137 1990 4218; x_wconf 78' lang='lat' dir='ltr'>Sita</span> <span class='ocrx_word' id='word_1_216' title='bbox 2013 4139 2113 4216; x_wconf 89' lang='lat' dir='ltr'>est</span> <span class='ocrx_word' id='word_1_217' title='bbox 2137 4141 2490 4222; x_wconf 77' lang='lat' dir='ltr'>Heraclea</span> <span class='ocrx_word' id='word_1_218' title='bbox 2520 4140 2598 4220; x_wconf 86' lang='lat' dir='ltr'>in</span> <span class='ocrx_word' id='word_1_219' title='bbox 2622 4166 2728 4220; x_wconf 73' lang='lat' dir='ltr'>ra-</span> 
     </span>
    </p>
   </div>
  </div>
 </body>
</html>
