3100 5359
719 645 858 744 136
1377 643 2033 720 T.L1v11

715 821 896 900 dum
929 821 1304 917 Lyconem
1334 845 1504 894 cum
1529 817 1885 894 Lufitanis
1912 817 2031 892 sex
2060 814 2285 892 millia
2306 817 2401 890 de
2426 814 2693 892 exerci-

715 959 798 1014 tu
858 942 1197 1015 Romano
1256 938 1605 1014 cecidifl‘e.
1722 941 2039 1027 Ceteros»,
2112 957 2447 1036 paventes
2511 936 2705 1011 intra

721 1061 984 1134 vallum
1037 1056 1464 1156 compulsos,
1513 1083 1719 1158 aegre
1772 1057 1989 1133 castra
2032 1056 2447 1144 defendiffe,
2506 1061 2575 1131 δι
2614 1054 2695 1132 in

722 1180 1028 1254 modum
1080 1177 1516 1276 fugientium
1564 1176 1837 1278 magnis
1884 1176 2257 1254 itineribus
2302 1176 2382 1252 in
2442 1201 2696 1278 agrum

724 1319 1056 1398 pacatum
1109 1301 1460 1374 reductos.
1564 1301 1774 1375 Haec
1812 1325 1903 1374 ex
1940 1297 2289 1396 Hispania
2340 1296 2699 1372 nunciata.

727 1423 846 1496 Ex
879 1417 1110 1496 Gallia
1128 1421 1391 1520 legatos
1413 1418 1989 1496 Placentinorum
2010 1422 2080 1494 ac
2114 1421 2701 1494 Cremonensium

720 1543 814 1616 L.
863 1540 1394 1636 Aurunculejus
1454 1560 1729 1639 praetor
1780 1539 1859 1616 in
1916 1538 2237 1616 senatum
2274 1536 2699 1616 introduxit.

724 1661 820 1737 Iis
854 1660 1318 1759 querentibus
1352 1660 1671 1758 inopiam
1706 1661 2159 1748 colonorum,
2204 1659 2357 1735 aliis
2382 1659 2553 1736 belli
2584 1685 2701 1735 cae·

729 1785 938 1870 fibus,
973 1780 1124 1856 aliis
1156 1782 1410 1856 morbo
1441 1778 1809 1868 absumtis,
1844 1777 2189 1878 quosdam
2220 1781 2459 1856 taedio
2490 1781 2705 1856 adco-

729 1905 956 1977 larum
1003 1903 1375 1976 Gallorum
1423 1899 1776 1999 reliquisse
1810 1899 2145 1988 colonias,
2170 1900 2485 1977 decrevit
2515 1901 2707 1976 sena·

732 2045 871 2111 tua,
909 2035 958 2068 “
1000 2020 1134 2098 Uti
1173 2024 1260 2098 C.
1311 2020 1601 2098 Laelius
1644 2019 1914 2108 consul,
1964 2025 2009 2096 fi
2046 2021 2111 2096 ei
2153 2021 2537 2110 videretur,
2584 2020 2707 2096 sex

733 2153 786 2188 “
821 2142 1046 2218 millia
1078 2141 1504 2218 familiarum
1525 2140 2021 2232 conscriberet,
2050 2167 2233 2242 quae
2268 2139 2344 2216 in
2370 2167 2483 2216 eas
2512 2143 2705 2216 colo-

735 2273 786 2306 “
823 2264 974 2338 nias
1007 2261 1538 2338 dividerentur:
1610 2266 1679 2336 δι
1710 2283 1793 2336 ut
1822 2265 1915 2336 L.
1954 2263 2487 2360 Aurunculejus
2508 2289 2705 2362 prae-

734 2393 786 2427 “
827 2404 936 2458 tor
982 2381 1391 2458 triumviros
1438 2403 1700 2456 crearet
1742 2383 1835 2456 ad
1868 2409 1987 2458 eos
2026 2384 2317 2458 colonos
2345 2385 2705 2458 deducen-

735 2515 786 2548 “
823 2505 1022 2580 dos.”
1123 2500 1354 2576 Creati
1391 2505 1508 2576 M.
1546 2501 1815 2576 Atilius
1846 2505 2203 2591 Serranus,
2258 2507 2353 2578 L.
2390 2503 2709 2580 Valerius

735 2627 818 2698 P.
841 2627 924 2698 F.
961 2625 1285 2710 FlaccuS,
1307 2625 1402 2700 L.
1425 2623 1747 2698 Valerius
1780 2625 1866 2700 C.
1896 2625 1980 2698 F.
2018 2627 2299 2724 Tappo.

837 2745 1148 2818 XLVII.
1249 2745 1480 2818 Haud
1501 2743 1601 2818 ita
1620 2746 1853 2818 multo
1882 2743 2067 2842 post,
2100 2770 2330 2844 quum
2352 2745 2505 2842 jam
2540 2771 2709 2821 con-

737 2863 1074 2940 sularium
1097 2863 1557 2940 comitiorum
1583 2866 1943 2961 adpeteret
1968 2887 2278 2963 tempus,
2306 2867 2395 2940 C.
2420 2866 2711 2942 Laelius

741 2983 984 3060 consul
1008 3009 1099 3060 ex
1127 2981 1362 3058 Gallia
1387 2985 1705 3060 Romam
1735 2982 1969 3059 rediit.
2069 2988 2137 3060 Is
2168 3010 2315 3061 non
2340 2985 2597 3074 solum,
2618 3013 2713 3062 ex

744 3105 936 3180 facto
957 3103 1238 3180 absente
1274 3102 1340 3178 se
1374 3101 1997 3192 senatusconsulto,
2034 3105 2109 3180 in
2139 3105 2713 3205 supplementum

745 3227 1137 3303 Cremonae
1193 3229 1259 3296 &
1318 3223 1711 3299 Placentiae
1760 3227 2049 3300 colonos
2089 3224 2398 3325 scripfit3
2444 3227 2591 3317 sed,
2630 3249 2721 3304 ut

747 3370 968 3420 novae
997 3343 1316 3420 coloniae
1338 3345 1521 3420 duae
1543 3342 1618 3418 in
1640 3370 1919 3443 agrum,
1946 3345 2075 3444 qui
2098 3347 2433 3443 Bojorum
2458 3347 2718 3437 fuisset,

749 3467 1298 3552 deducerentur,
1335 3469 1400 3540 δι
1439 3465 1703 3553 retulit,
1752 3471 1820 3542 &
1848 3471 2129 3542 auctore
2156 3497 2251 3544 eo
2284 3473 2521 3544 Patres
2551 3496 2721 3545 cen-

746 3587 1056 3662 suerunt.
1157 3588 1440 3660 Eodem
1473 3607 1793 3684 tempore
1825 3591 1920 3662 L.
1956 3588 2251 3664 Aemilii
2284 3589 2615 3689 praetoris
2634 3590 2719 3666 li-

749 3731 932 3786 terae
963 3709 1232 3782 adlatae
1252 3707 1344 3780 de
1369 3705 1593 3780 navali
1623 3733 1871 3807 pugna
1886 3711 1977 3784 ad
2004 3709 2493 3808 Myonnesum
2514 3711 2721 3800 faeta,

749 3831 818 3903 ὃς
849 3830 942 3904 L.
963 3826 1374 3924 Scipionem
1407 3825 1771 3902 consulem
1804 3829 2197 3906 exercitum
2226 3830 2299 3906 in
2322 3835 2559 3907 Aliam
2586 3854 2723 3906 tra-

739 3945 1001 4044 jecifl‘e.
1103 3945 1454 4022 Victoriae
1516 3947 1779 4023 navalis
1840 3975 2011 4048 ergo
2076 3950 2153 4024 in
2222 3977 2455 4026 unum
2523 3950 2722 4026 diem

751 4065 1173 4167 supplicatio
1197 4067 1476 4143 decreta
1494 4067 1629 4142 est:
1666 4065 1743 4142 in
1774 4071 2074 4146 alterum
2110 4070 2333 4161 diem,
2364 4074 2567 4172 quod
2598 4097 2725 4146 ex-
