<?xml version="1.0" encoding="UTF-8"?>
<!DOCTYPE html PUBLIC "-//W3C//DTD XHTML 1.0 Transitional//EN"
    "http://www.w3.org/TR/xhtml1/DTD/xhtml1-transitional.dtd">
<html xmlns="http://www.w3.org/1999/xhtml" xml:lang="en" lang="en">
 <head>
  <title>
</title>
<meta http-equiv="Content-Type" content="text/html;charset=utf-8" />
  <meta name='ocr-system' content='tesseract 3.04.00' />
  <meta name='ocr-capabilities' content='ocr_page ocr_carea ocr_par ocr_line ocrx_word'/>
</head>
<body>
  <div class='ocr_page' id='page_1' title='image "./tliviipatavinih01homegoog_0203.png"; bbox 0 0 3100 5359; ppageno 0'>
   <div class='ocr_carea' id='block_1_1' title="bbox 810 727 2283 826">
    <p class='ocr_par' dir='ltr' id='par_1_1' title="bbox 810 727 2283 826">
     <span class='ocr_line' id='line_1_1' title="bbox 810 727 2283 826; baseline -0.001 -25"><span class='ocrx_word' id='word_1_1' title='bbox 810 727 887 801; x_wconf 92' lang='lat' dir='ltr'>L</span> <span class='ocrx_word' id='word_1_2' title='bbox 936 751 966 801; x_wconf 90' lang='lat'>1</span> <span class='ocrx_word' id='word_1_3' title='bbox 1026 751 1066 802; x_wconf 78' lang='grc' dir='ltr'><strong><em>Β</em></strong></span> <span class='ocrx_word' id='word_1_4' title='bbox 1124 751 1169 802; x_wconf 76' lang='grc' dir='ltr'>Ε</span> <span class='ocrx_word' id='word_1_5' title='bbox 1222 749 1272 801; x_wconf 69' lang='grc' dir='ltr'>ιι</span> <span class='ocrx_word' id='word_1_6' title='bbox 1372 727 1800 804; x_wconf 86' lang='lat' dir='ltr'>XXXVIII.</span> <span class='ocrx_word' id='word_1_7' title='bbox 2148 749 2283 826; x_wconf 85' lang='lat'>195</span> 
     </span>
    </p>
   </div>
   <div class='ocr_carea' id='block_1_2' title="bbox 315 881 2303 4230">
    <p class='ocr_par' dir='ltr' id='par_1_2' title="bbox 315 881 2287 1814">
     <span class='ocr_line' id='line_1_2' title="bbox 317 881 2279 1000; baseline -0.001 -24"><span class='ocrx_word' id='word_1_8' title='bbox 317 909 374 946; x_wconf 81' lang='lat'>⁸‘</span> <span class='ocrx_word' id='word_1_9' title='bbox 409 895 769 976; x_wconf 85' lang='lat' dir='ltr'>deturbari</span> <span class='ocrx_word' id='word_1_10' title='bbox 801 899 1014 998; x_wconf 87' lang='lat' dir='ltr'>poffe.</span> <span class='ocrx_word' id='word_1_11' title='bbox 1112 902 1274 976; x_wconf 91' lang='lat' dir='ltr'>Nec</span> <span class='ocrx_word' id='word_1_12' title='bbox 1307 899 1612 1000; x_wconf 89' lang='lat' dir='ltr'>quietos,</span> <span class='ocrx_word' id='word_1_13' title='bbox 1664 900 1745 976; x_wconf 89' lang='lat' dir='ltr'>in</span> <span class='ocrx_word' id='word_1_14' title='bbox 1776 881 2129 976; x_wconf 82' lang='lat' dir='ltr'>radicibus</span> <span class='ocrx_word' id='word_1_15' title='bbox 2158 922 2279 999; x_wconf 88' lang='lat' dir='ltr'>ge-</span> 
     </span>
     <span class='ocr_line' id='line_1_3' title="bbox 318 1017 2281 1120; baseline -0.002 -25"><span class='ocrx_word' id='word_1_16' title='bbox 318 1029 370 1066; x_wconf 86' lang='lat'><strong>“</strong></span> <span class='ocrx_word' id='word_1_17' title='bbox 407 1019 721 1095; x_wconf 87' lang='lat' dir='ltr'>lidorum</span> <span class='ocrx_word' id='word_1_18' title='bbox 765 1018 1124 1094; x_wconf 88' lang='lat' dir='ltr'>montium</span> <span class='ocrx_word' id='word_1_19' title='bbox 1171 1019 1510 1110; x_wconf 76' lang='lat' dir='ltr'>sedenteS,</span> <span class='ocrx_word' id='word_1_20' title='bbox 1556 1018 1781 1120; x_wconf 86' lang='lat' dir='ltr'>frigus</span> <span class='ocrx_word' id='word_1_21' title='bbox 1802 1040 1927 1095; x_wconf 88' lang='lat' dir='ltr'>aut</span> <span class='ocrx_word' id='word_1_22' title='bbox 1961 1017 2281 1117; x_wconf 87' lang='lat' dir='ltr'>inopiam</span> 
     </span>
     <span class='ocr_line' id='line_1_4' title="bbox 318 1138 2285 1238; baseline -0.001 -24"><span class='ocrx_word' id='word_1_23' title='bbox 318 1150 370 1184; x_wconf 90' lang='lat'><strong>“</strong></span> <span class='ocrx_word' id='word_1_24' title='bbox 405 1139 736 1215; x_wconf 84' lang='lat' dir='ltr'>laturos.&#39;’</span> <span class='ocrx_word' id='word_1_25' title='bbox 835 1141 935 1213; x_wconf 92' lang='lat' dir='ltr'>Et</span> <span class='ocrx_word' id='word_1_26' title='bbox 977 1165 1211 1238; x_wconf 91' lang='lat' dir='ltr'>quum</span> <span class='ocrx_word' id='word_1_27' title='bbox 1247 1138 1395 1238; x_wconf 83' lang='lat' dir='ltr'>ipsa</span> <span class='ocrx_word' id='word_1_28' title='bbox 1443 1138 1746 1216; x_wconf 87' lang='lat' dir='ltr'>altitudo</span> <span class='ocrx_word' id='word_1_29' title='bbox 1794 1141 2117 1214; x_wconf 91' lang='lat' dir='ltr'>locorum</span> <span class='ocrx_word' id='word_1_30' title='bbox 2162 1163 2285 1213; x_wconf 82' lang='lat' dir='ltr'>eos</span> 
     </span>
     <span class='ocr_line' id='line_1_5' title="bbox 315 1257 2283 1357; baseline -0.001 -23"><span class='ocrx_word' id='word_1_31' title='bbox 315 1280 686 1348; x_wconf 87' lang='lat' dir='ltr'>tutaretur,</span> <span class='ocrx_word' id='word_1_32' title='bbox 715 1257 958 1334; x_wconf 81' lang='lat' dir='ltr'>fofl‘am</span> <span class='ocrx_word' id='word_1_33' title='bbox 979 1282 1274 1357; x_wconf 88' lang='lat' dir='ltr'>quoque</span> <span class='ocrx_word' id='word_1_34' title='bbox 1296 1263 1365 1333; x_wconf 85' lang='lat'>&amp;</span> <span class='ocrx_word' id='word_1_35' title='bbox 1384 1258 1520 1334; x_wconf 88' lang='lat' dir='ltr'>alia</span> <span class='ocrx_word' id='word_1_36' title='bbox 1538 1257 1987 1334; x_wconf 86' lang='lat' dir='ltr'>munimenta</span> <span class='ocrx_word' id='word_1_37' title='bbox 2004 1257 2283 1334; x_wconf 88' lang='lat' dir='ltr'>vertici-</span> 
     </span>
     <span class='ocr_line' id='line_1_6' title="bbox 317 1374 2287 1479; baseline -0.002 -23"><span class='ocrx_word' id='word_1_38' title='bbox 317 1382 457 1456; x_wconf 87' lang='lat' dir='ltr'>bus</span> <span class='ocrx_word' id='word_1_39' title='bbox 491 1378 604 1468; x_wconf 83' lang='lat' dir='ltr'>iis,</span> <span class='ocrx_word' id='word_1_40' title='bbox 649 1403 831 1479; x_wconf 89' lang='lat' dir='ltr'>quos</span> <span class='ocrx_word' id='word_1_41' title='bbox 870 1376 1291 1466; x_wconf 81' lang='lat' dir='ltr'>insederant,</span> <span class='ocrx_word' id='word_1_42' title='bbox 1342 1378 1865 1476; x_wconf 87' lang='lat' dir='ltr'>circumjecere.</span> <span class='ocrx_word' id='word_1_43' title='bbox 1967 1374 2287 1452; x_wconf 85' lang='lat' dir='ltr'>Minima</span> 
     </span>
     <span class='ocr_line' id='line_1_7' title="bbox 317 1495 2285 1598; baseline -0.001 -24"><span class='ocrx_word' id='word_1_44' title='bbox 317 1499 694 1596; x_wconf 80' lang='lat' dir='ltr'>adparatus</span> <span class='ocrx_word' id='word_1_45' title='bbox 737 1496 1099 1573; x_wconf 88' lang='lat' dir='ltr'>miffilium</span> <span class='ocrx_word' id='word_1_46' title='bbox 1131 1499 1436 1573; x_wconf 90' lang='lat' dir='ltr'>telorum</span> <span class='ocrx_word' id='word_1_47' title='bbox 1471 1524 1641 1574; x_wconf 89' lang='lat' dir='ltr'>cura</span> <span class='ocrx_word' id='word_1_48' title='bbox 1672 1497 1838 1588; x_wconf 88' lang='lat' dir='ltr'>fuit,</span> <span class='ocrx_word' id='word_1_49' title='bbox 1891 1498 2093 1598; x_wconf 91' lang='lat' dir='ltr'>quod</span> <span class='ocrx_word' id='word_1_50' title='bbox 2124 1495 2285 1572; x_wconf 81' lang='lat' dir='ltr'>saxa</span> 
     </span>
     <span class='ocr_line' id='line_1_8' title="bbox 317 1601 2285 1719; baseline 0.001 -26"><span class='ocrx_word' id='word_1_51' title='bbox 317 1616 618 1694; x_wconf 86' lang='lat' dir='ltr'>adfatim</span> <span class='ocrx_word' id='word_1_52' title='bbox 671 1615 1144 1718; x_wconf 75' lang='lat' dir='ltr'>praebituram</span> <span class='ocrx_word' id='word_1_53' title='bbox 1210 1601 1645 1718; x_wconf 66' lang='lat' dir='ltr'>asperitatem</span> <span class='ocrx_word' id='word_1_54' title='bbox 1692 1617 1913 1719; x_wconf 84' lang='lat' dir='ltr'>ipsam</span> <span class='ocrx_word' id='word_1_55' title='bbox 1957 1620 2285 1694; x_wconf 87' lang='lat' dir='ltr'>locorum</span> 
     </span>
     <span class='ocr_line' id='line_1_9' title="bbox 319 1737 1800 1814; baseline 0.007 -2"><span class='ocrx_word' id='word_1_56' title='bbox 319 1737 728 1814; x_wconf 85' lang='lat' dir='ltr'>credebant.</span> <span class='ocrx_word' id='word_1_57' title='bbox 1794 1806 1800 1812; x_wconf 83' lang='lat'><strong>.</strong></span> 
     </span>
    </p>

    <p class='ocr_par' dir='ltr' id='par_1_3' title="bbox 317 1855 2303 4230">
     <span class='ocr_line' id='line_1_10' title="bbox 419 1855 2291 1960; baseline 0 -26"><span class='ocrx_word' id='word_1_58' title='bbox 419 1859 599 1934; x_wconf 87' lang='lat' dir='ltr'>XX.</span> <span class='ocrx_word' id='word_1_59' title='bbox 694 1855 988 1946; x_wconf 87' lang='lat' dir='ltr'>Consul,</span> <span class='ocrx_word' id='word_1_60' title='bbox 1039 1858 1212 1957; x_wconf 92' lang='lat' dir='ltr'>quia</span> <span class='ocrx_word' id='word_1_61' title='bbox 1243 1885 1390 1934; x_wconf 89' lang='lat' dir='ltr'>non</span> <span class='ocrx_word' id='word_1_62' title='bbox 1416 1856 1743 1934; x_wconf 87' lang='lat' dir='ltr'>cominus</span> <span class='ocrx_word' id='word_1_63' title='bbox 1779 1884 2123 1960; x_wconf 87' lang='lat' dir='ltr'>pugnam,</span> <span class='ocrx_word' id='word_1_64' title='bbox 2168 1858 2291 1935; x_wconf 90' lang='lat' dir='ltr'>sed</span> 
     </span>
     <span class='ocr_line' id='line_1_11' title="bbox 319 1976 2291 2079; baseline 0.001 -27"><span class='ocrx_word' id='word_1_65' title='bbox 319 1979 574 2078; x_wconf 90' lang='lat' dir='ltr'>procul</span> <span class='ocrx_word' id='word_1_66' title='bbox 635 1976 809 2054; x_wconf 87' lang='lat' dir='ltr'>locis</span> <span class='ocrx_word' id='word_1_67' title='bbox 873 1979 1405 2079; x_wconf 77' lang='lat' dir='ltr'>obpugnandis,</span> <span class='ocrx_word' id='word_1_68' title='bbox 1473 1978 1786 2054; x_wconf 86' lang='lat' dir='ltr'>futuram</span> <span class='ocrx_word' id='word_1_69' title='bbox 1852 1999 2291 2078; x_wconf 86' lang='lat' dir='ltr'>praeceperat</span> 
     </span>
     <span class='ocr_line' id='line_1_12' title="bbox 317 2096 2291 2197; baseline 0.001 -25"><span class='ocrx_word' id='word_1_70' title='bbox 317 2096 594 2186; x_wconf 77' lang='lat' dir='ltr'>anime,</span> <span class='ocrx_word' id='word_1_71' title='bbox 643 2096 1009 2197; x_wconf 85' lang='lat' dir='ltr'>ingentem</span> <span class='ocrx_word' id='word_1_72' title='bbox 1062 2097 1212 2172; x_wconf 82' lang='lat' dir='ltr'>vim</span> <span class='ocrx_word' id='word_1_73' title='bbox 1245 2097 1588 2197; x_wconf 90' lang='lat' dir='ltr'>pilorum,</span> <span class='ocrx_word' id='word_1_74' title='bbox 1620 2097 2022 2174; x_wconf 87' lang='lat' dir='ltr'>velitarium</span> <span class='ocrx_word' id='word_1_75' title='bbox 2066 2097 2291 2174; x_wconf 84' lang='lat' dir='ltr'>hasta·</span> 
     </span>
     <span class='ocr_line' id='line_1_13' title="bbox 321 2215 2292 2318; baseline -0.002 -24"><span class='ocrx_word' id='word_1_76' title='bbox 321 2243 515 2306; x_wconf 87' lang='lat' dir='ltr'>rum,</span> <span class='ocrx_word' id='word_1_77' title='bbox 577 2215 1011 2316; x_wconf 87' lang='lat' dir='ltr'>sagittarum,</span> <span class='ocrx_word' id='word_1_78' title='bbox 1056 2216 1500 2318; x_wconf 85' lang='lat' dir='ltr'>glandisque,</span> <span class='ocrx_word' id='word_1_79' title='bbox 1535 2221 1606 2297; x_wconf 65' lang='grc' dir='ltr'>ὃ(</span> <span class='ocrx_word' id='word_1_80' title='bbox 1641 2215 2125 2308; x_wconf 85' lang='lat' dir='ltr'>modicorum,</span> <span class='ocrx_word' id='word_1_81' title='bbox 2160 2217 2292 2316; x_wconf 89' lang='lat' dir='ltr'>qui</span> 
     </span>
     <span class='ocr_line' id='line_1_14' title="bbox 323 2335 2291 2436; baseline 0.002 -25"><span class='ocrx_word' id='word_1_82' title='bbox 323 2335 554 2411; x_wconf 91' lang='lat' dir='ltr'>funda</span> <span class='ocrx_word' id='word_1_83' title='bbox 599 2335 790 2411; x_wconf 90' lang='lat' dir='ltr'>mitti</span> <span class='ocrx_word' id='word_1_84' title='bbox 823 2338 1118 2436; x_wconf 85' lang='lat' dir='ltr'>poffent,</span> <span class='ocrx_word' id='word_1_85' title='bbox 1153 2337 1476 2435; x_wconf 88' lang='lat' dir='ltr'>lapidum</span> <span class='ocrx_word' id='word_1_86' title='bbox 1510 2359 1885 2436; x_wconf 87' lang='lat' dir='ltr'>paraverat.</span> <span class='ocrx_word' id='word_1_87' title='bbox 1982 2336 2291 2414; x_wconf 86' lang='lat' dir='ltr'>Instruc-</span> 
     </span>
     <span class='ocr_line' id='line_1_15' title="bbox 323 2453 2291 2556; baseline 0.001 -26"><span class='ocrx_word' id='word_1_88' title='bbox 323 2453 580 2554; x_wconf 86' lang='lat' dir='ltr'>tusque</span> <span class='ocrx_word' id='word_1_89' title='bbox 631 2455 995 2532; x_wconf 85' lang='lat' dir='ltr'>miffilium</span> <span class='ocrx_word' id='word_1_90' title='bbox 1026 2457 1359 2556; x_wconf 84' lang='lat' dir='ltr'>adparatu</span> <span class='ocrx_word' id='word_1_91' title='bbox 1395 2457 1489 2530; x_wconf 91' lang='lat' dir='ltr'>ad</span> <span class='ocrx_word' id='word_1_92' title='bbox 1515 2458 1917 2555; x_wconf 82' lang='lat' dir='ltr'>Olympum</span> <span class='ocrx_word' id='word_1_93' title='bbox 1966 2478 2291 2534; x_wconf 89' lang='lat' dir='ltr'>montem</span> 
     </span>
     <span class='ocr_line' id='line_1_16' title="bbox 325 2573 2291 2676; baseline 0.002 -26"><span class='ocrx_word' id='word_1_94' title='bbox 325 2573 560 2664; x_wconf 89' lang='lat' dir='ltr'>ducit,</span> <span class='ocrx_word' id='word_1_95' title='bbox 621 2579 691 2656; x_wconf 84' lang='lat'>&amp;</span> <span class='ocrx_word' id='word_1_96' title='bbox 743 2603 784 2650; x_wconf 91' lang='lat' dir='ltr'>a</span> <span class='ocrx_word' id='word_1_97' title='bbox 830 2574 1156 2676; x_wconf 89' lang='lat' dir='ltr'>quinque</span> <span class='ocrx_word' id='word_1_98' title='bbox 1207 2574 1426 2650; x_wconf 87' lang='lat' dir='ltr'>ferme</span> <span class='ocrx_word' id='word_1_99' title='bbox 1468 2574 1791 2652; x_wconf 87' lang='lat' dir='ltr'>millibus</span> <span class='ocrx_word' id='word_1_100' title='bbox 1833 2579 2021 2653; x_wconf 89' lang='lat' dir='ltr'>locat</span> <span class='ocrx_word' id='word_1_101' title='bbox 2054 2575 2291 2654; x_wconf 82' lang='lat' dir='ltr'>castra.</span> 
     </span>
     <span class='ocr_line' id='line_1_17' title="bbox 323 2693 2295 2796; baseline -0.001 -24"><span class='ocrx_word' id='word_1_102' title='bbox 323 2693 618 2772; x_wconf 89' lang='lat' dir='ltr'>Postero</span> <span class='ocrx_word' id='word_1_103' title='bbox 648 2695 766 2770; x_wconf 89' lang='lat' dir='ltr'>die</span> <span class='ocrx_word' id='word_1_104' title='bbox 791 2719 962 2770; x_wconf 87' lang='lat' dir='ltr'>cum</span> <span class='ocrx_word' id='word_1_105' title='bbox 991 2693 1528 2794; x_wconf 86' lang='lat' dir='ltr'>quadringentis</span> <span class='ocrx_word' id='word_1_106' title='bbox 1555 2695 1919 2796; x_wconf 88' lang='lat' dir='ltr'>equitibus</span> <span class='ocrx_word' id='word_1_107' title='bbox 1944 2700 2015 2772; x_wconf 75' lang='grc' dir='ltr'>δε</span> <span class='ocrx_word' id='word_1_108' title='bbox 2047 2696 2295 2772; x_wconf 87' lang='lat' dir='ltr'>Attalo</span> 
     </span>
     <span class='ocr_line' id='line_1_18' title="bbox 325 2815 2295 2915; baseline 0.002 -29"><span class='ocrx_word' id='word_1_109' title='bbox 325 2815 765 2912; x_wconf 69' lang='lat' dir='ltr'>progressum</span> <span class='ocrx_word' id='word_1_110' title='bbox 825 2839 1023 2903; x_wconf 90' lang='lat' dir='ltr'>eum,</span> <span class='ocrx_word' id='word_1_111' title='bbox 1090 2816 1184 2889; x_wconf 87' lang='lat' dir='ltr'>ad</span> <span class='ocrx_word' id='word_1_112' title='bbox 1235 2835 1562 2890; x_wconf 87' lang='lat' dir='ltr'>naturam</span> <span class='ocrx_word' id='word_1_113' title='bbox 1628 2815 1891 2890; x_wconf 86' lang='lat' dir='ltr'>montis</span> <span class='ocrx_word' id='word_1_114' title='bbox 1942 2819 2295 2915; x_wconf 72' lang='lat' dir='ltr'>situmque</span> 
     </span>
     <span class='ocr_line' id='line_1_19' title="bbox 327 2931 2293 3036; baseline 0.001 -28"><span class='ocrx_word' id='word_1_115' title='bbox 327 2931 774 3010; x_wconf 85' lang='lat' dir='ltr'>Gallicorum</span> <span class='ocrx_word' id='word_1_116' title='bbox 793 2933 1176 3010; x_wconf 83' lang='lat' dir='ltr'>castrorum</span> <span class='ocrx_word' id='word_1_117' title='bbox 1207 2932 1609 3022; x_wconf 84' lang='lat' dir='ltr'>visendum,</span> <span class='ocrx_word' id='word_1_118' title='bbox 1644 2935 1919 3036; x_wconf 88' lang='lat' dir='ltr'>equites</span> <span class='ocrx_word' id='word_1_119' title='bbox 1950 2933 2293 3024; x_wconf 88' lang='lat' dir='ltr'>hostium,</span> 
     </span>
     <span class='ocr_line' id='line_1_20' title="bbox 327 3052 2295 3155; baseline 0.001 -27"><span class='ocrx_word' id='word_1_120' title='bbox 327 3052 606 3150; x_wconf 80' lang='lat' dir='ltr'>duplex</span> <span class='ocrx_word' id='word_1_121' title='bbox 624 3077 991 3142; x_wconf 76' lang='lat' dir='ltr'>numeruS,</span> <span class='ocrx_word' id='word_1_122' title='bbox 1025 3055 1216 3130; x_wconf 85' lang='lat' dir='ltr'>effufi</span> <span class='ocrx_word' id='word_1_123' title='bbox 1245 3053 1478 3129; x_wconf 89' lang='lat' dir='ltr'>castris</span> <span class='ocrx_word' id='word_1_124' title='bbox 1497 3053 1575 3128; x_wconf 90' lang='lat' dir='ltr'>in</span> <span class='ocrx_word' id='word_1_125' title='bbox 1602 3052 1851 3155; x_wconf 88' lang='lat' dir='ltr'>fugam</span> <span class='ocrx_word' id='word_1_126' title='bbox 1876 3073 2295 3130; x_wconf 82' lang='lat' dir='ltr'>averterunt.</span> 
     </span>
     <span class='ocr_line' id='line_1_21' title="bbox 329 3169 2297 3274; baseline 0 -26"><span class='ocrx_word' id='word_1_127' title='bbox 329 3169 572 3248; x_wconf 88' lang='lat' dir='ltr'>Occifi</span> <span class='ocrx_word' id='word_1_128' title='bbox 603 3195 898 3273; x_wconf 88' lang='lat' dir='ltr'>quoque</span> <span class='ocrx_word' id='word_1_129' title='bbox 920 3171 1132 3273; x_wconf 89' lang='lat' dir='ltr'>pauci</span> <span class='ocrx_word' id='word_1_130' title='bbox 1165 3170 1628 3273; x_wconf 88' lang='lat' dir='ltr'>fugientium,</span> <span class='ocrx_word' id='word_1_131' title='bbox 1660 3173 2007 3248; x_wconf 87' lang='lat' dir='ltr'>vulnerati</span> <span class='ocrx_word' id='word_1_132' title='bbox 2038 3175 2297 3274; x_wconf 84' lang='lat' dir='ltr'>plures.</span> 
     </span>
     <span class='ocr_line' id='line_1_22' title="bbox 330 3289 2296 3393; baseline 0 -25"><span class='ocrx_word' id='word_1_133' title='bbox 330 3289 588 3368; x_wconf 88' lang='lat' dir='ltr'>Tertio</span> <span class='ocrx_word' id='word_1_134' title='bbox 621 3290 741 3368; x_wconf 88' lang='lat' dir='ltr'>die</span> <span class='ocrx_word' id='word_1_135' title='bbox 779 3318 950 3369; x_wconf 88' lang='lat' dir='ltr'>cum</span> <span class='ocrx_word' id='word_1_136' title='bbox 988 3291 1326 3369; x_wconf 89' lang='lat' dir='ltr'>omnibus</span> <span class='ocrx_word' id='word_1_137' title='bbox 1359 3295 1450 3367; x_wconf 85' lang='lat' dir='ltr'>ad</span> <span class='ocrx_word' id='word_1_138' title='bbox 1484 3295 1642 3368; x_wconf 90' lang='lat' dir='ltr'>loca</span> <span class='ocrx_word' id='word_1_139' title='bbox 1670 3295 2103 3393; x_wconf 81' lang='lat' dir='ltr'>exploranda</span> <span class='ocrx_word' id='word_1_140' title='bbox 2132 3319 2296 3392; x_wconf 90' lang='lat' dir='ltr'>pro-</span> 
     </span>
     <span class='ocr_line' id='line_1_23' title="bbox 331 3403 2296 3513; baseline 0.001 -27"><span class='ocrx_word' id='word_1_141' title='bbox 331 3403 590 3501; x_wconf 63' lang='lat' dir='ltr'>festus,</span> <span class='ocrx_word' id='word_1_142' title='bbox 629 3411 806 3511; x_wconf 89' lang='lat' dir='ltr'>quia</span> <span class='ocrx_word' id='word_1_143' title='bbox 832 3438 1047 3487; x_wconf 88' lang='lat' dir='ltr'>nemo</span> <span class='ocrx_word' id='word_1_144' title='bbox 1079 3410 1394 3486; x_wconf 86' lang='lat' dir='ltr'>hostium</span> <span class='ocrx_word' id='word_1_145' title='bbox 1427 3433 1623 3487; x_wconf 84' lang='lat' dir='ltr'>extra</span> <span class='ocrx_word' id='word_1_146' title='bbox 1652 3411 2103 3489; x_wconf 86' lang='lat' dir='ltr'>munimenta</span> <span class='ocrx_word' id='word_1_147' title='bbox 2133 3429 2296 3513; x_wconf 83' lang='lat' dir='ltr'>pro-</span> 
     </span>
     <span class='ocr_line' id='line_1_24' title="bbox 330 3529 2297 3622; baseline -0.001 -15"><span class='ocrx_word' id='word_1_148' title='bbox 330 3533 551 3620; x_wconf 85' lang='lat' dir='ltr'>ceffit,</span> <span class='ocrx_word' id='word_1_149' title='bbox 603 3551 763 3606; x_wconf 95' lang='lat' dir='ltr'>tuto</span> <span class='ocrx_word' id='word_1_150' title='bbox 808 3529 1330 3608; x_wconf 68' lang='lat' dir='ltr'>circumvectus</span> <span class='ocrx_word' id='word_1_151' title='bbox 1363 3553 1714 3620; x_wconf 87' lang='lat' dir='ltr'>montem,</span> <span class='ocrx_word' id='word_1_152' title='bbox 1772 3530 2297 3622; x_wconf 86' lang='lat' dir='ltr'>animadvertit,</span> 
     </span>
     <span class='ocr_line' id='line_1_25' title="bbox 329 3648 2301 3752; baseline -0.002 -20"><span class='ocrx_word' id='word_1_153' title='bbox 329 3648 725 3732; x_wconf 81' lang='lat' dir='ltr'>meridiana</span> <span class='ocrx_word' id='word_1_154' title='bbox 766 3651 1055 3752; x_wconf 88' lang='lat' dir='ltr'>regione</span> <span class='ocrx_word' id='word_1_155' title='bbox 1100 3671 1408 3728; x_wconf 87' lang='lat' dir='ltr'>terrenos</span> <span class='ocrx_word' id='word_1_156' title='bbox 1441 3651 1513 3726; x_wconf 85' lang='lat'>&amp;</span> <span class='ocrx_word' id='word_1_157' title='bbox 1549 3651 1829 3750; x_wconf 85' lang='lat' dir='ltr'>placide</span> <span class='ocrx_word' id='word_1_158' title='bbox 1860 3651 2175 3728; x_wconf 84' lang='lat' dir='ltr'>adclivos</span> <span class='ocrx_word' id='word_1_159' title='bbox 2206 3654 2301 3730; x_wconf 92' lang='lat' dir='ltr'>ad</span> 
     </span>
     <span class='ocr_line' id='line_1_26' title="bbox 333 3769 2296 3872; baseline 0.001 -28"><span class='ocrx_word' id='word_1_160' title='bbox 333 3772 730 3872; x_wconf 85' lang='lat' dir='ltr'>quemdam</span> <span class='ocrx_word' id='word_1_161' title='bbox 761 3773 980 3848; x_wconf 87' lang='lat' dir='ltr'>finem</span> <span class='ocrx_word' id='word_1_162' title='bbox 1013 3773 1226 3848; x_wconf 87' lang='lat' dir='ltr'>colles</span> <span class='ocrx_word' id='word_1_163' title='bbox 1271 3773 1432 3860; x_wconf 86' lang='lat' dir='ltr'>effe,</span> <span class='ocrx_word' id='word_1_164' title='bbox 1491 3772 1585 3846; x_wconf 91' lang='lat' dir='ltr'>ad</span> <span class='ocrx_word' id='word_1_165' title='bbox 1618 3769 2163 3871; x_wconf 86' lang='lat' dir='ltr'>septentrionem</span> <span class='ocrx_word' id='word_1_166' title='bbox 2188 3798 2296 3847; x_wconf 89' lang='lat' dir='ltr'>ar·</span> 
     </span>
     <span class='ocr_line' id='line_1_27' title="bbox 334 3889 2301 3992; baseline 0.003 -28"><span class='ocrx_word' id='word_1_167' title='bbox 334 3891 518 3968; x_wconf 80' lang='lat' dir='ltr'>duas</span> <span class='ocrx_word' id='word_1_168' title='bbox 549 3889 626 3964; x_wconf 78' lang='grc' dir='ltr'>δε</span> <span class='ocrx_word' id='word_1_169' title='bbox 657 3893 875 3967; x_wconf 68' lang='lat' dir='ltr'>restas</span> <span class='ocrx_word' id='word_1_170' title='bbox 906 3915 1126 3991; x_wconf 88' lang='lat' dir='ltr'>prope</span> <span class='ocrx_word' id='word_1_171' title='bbox 1153 3915 1404 3989; x_wconf 85' lang='lat' dir='ltr'>rupes;</span> <span class='ocrx_word' id='word_1_172' title='bbox 1431 3911 1675 3992; x_wconf 90' lang='lat' dir='ltr'>atque,</span> <span class='ocrx_word' id='word_1_173' title='bbox 1711 3891 2047 3968; x_wconf 86' lang='lat' dir='ltr'>omnibus</span> <span class='ocrx_word' id='word_1_174' title='bbox 2079 3890 2301 3970; x_wconf 85' lang='lat' dir='ltr'>ferme</span> 
     </span>
     <span class='ocr_line' id='line_1_28' title="bbox 333 4009 2299 4101; baseline 0 -15"><span class='ocrx_word' id='word_1_175' title='bbox 333 4009 494 4088; x_wconf 76' lang='lat' dir='ltr'>aliis</span> <span class='ocrx_word' id='word_1_176' title='bbox 524 4009 761 4099; x_wconf 84' lang='lat' dir='ltr'>inviis,</span> <span class='ocrx_word' id='word_1_177' title='bbox 809 4010 1060 4088; x_wconf 82' lang='lat' dir='ltr'>itinera</span> <span class='ocrx_word' id='word_1_178' title='bbox 1091 4009 1222 4087; x_wconf 88' lang='lat' dir='ltr'>tria</span> <span class='ocrx_word' id='word_1_179' title='bbox 1252 4013 1432 4087; x_wconf 81' lang='lat' dir='ltr'>efl‘e:</span> <span class='ocrx_word' id='word_1_180' title='bbox 1481 4037 1717 4088; x_wconf 89' lang='lat' dir='ltr'>unum</span> <span class='ocrx_word' id='word_1_181' title='bbox 1751 4011 1995 4088; x_wconf 90' lang='lat' dir='ltr'>medio</span> <span class='ocrx_word' id='word_1_182' title='bbox 2029 4033 2299 4101; x_wconf 84' lang='lat' dir='ltr'>monte,</span> 
     </span>
     <span class='ocr_line' id='line_1_29' title="bbox 337 4129 2303 4230; baseline -0.001 -22"><span class='ocrx_word' id='word_1_183' title='bbox 337 4156 490 4230; x_wconf 86' lang='lat' dir='ltr'>qua</span> <span class='ocrx_word' id='word_1_184' title='bbox 537 4151 806 4208; x_wconf 83' lang='lat' dir='ltr'>terrena</span> <span class='ocrx_word' id='word_1_185' title='bbox 852 4150 1092 4207; x_wconf 77' lang='lat' dir='ltr'>erant:</span> <span class='ocrx_word' id='word_1_186' title='bbox 1143 4131 1296 4206; x_wconf 89' lang='lat' dir='ltr'>duo</span> <span class='ocrx_word' id='word_1_187' title='bbox 1341 4129 1661 4207; x_wconf 82' lang='lat' dir='ltr'>difficilia</span> <span class='ocrx_word' id='word_1_188' title='bbox 1691 4134 1781 4208; x_wconf 83' lang='lat' dir='ltr'>ab</span> <span class='ocrx_word' id='word_1_189' title='bbox 1812 4132 2113 4212; x_wconf 83' lang='lat' dir='ltr'>hiberno</span> <span class='ocrx_word' id='word_1_190' title='bbox 2144 4129 2303 4208; x_wconf 80' lang='lat' dir='ltr'>solis</span> 
     </span>
    </p>
   </div>
   <div class='ocr_carea' id='block_1_3' title="bbox 3063 2627 3075 3662">
    <p class='ocr_par' dir='ltr' id='par_1_4' title="bbox 3063 2627 3075 3662">
     <span class='ocr_line' id='line_1_30' title="bbox 3063 2627 3075 3662; baseline 0 0"><span class='ocrx_word' id='word_1_191' title='bbox 3063 2627 3075 3662; x_wconf 95' lang='lat' dir='ltr'> </span> 
     </span>
    </p>
   </div>
  </div>
 </body>
</html>
