3100 5359
708 659 798 732 72
1318 635 1952 708 T.L1v11

706 809 1008 884 ercitum
1060 835 1362 898 novum,
1426 810 1786 910 legionem
1841 835 2059 884 unam
2119 811 2553 898 Romanam,
2614 815 2690 884 ὃς

636 927 643 931 ’
707 931 957 1005 decem
1020 930 1241 1004 millia
1292 929 1566 1007 socium
1611 958 1690 1006 ac
1727 930 1974 1006 Latini
2011 931 2324 1006 nominis
2358 930 2690 1017 scribere,

708 1056 777 1125 ὅτ
812 1051 1369 1150 quadringentos
1404 1051 1680 1150 equites
1695 1085 1718 1140 3
1782 1055 1876 1126 L.
1925 1050 2313 1141 Aemilius,
2365 1051 2486 1126 cui
2521 1077 2692 1150 pro-

704 1171 941 1246 vincia
988 1170 1341 1245 maritima
1372 1194 1541 1260 erat,
1593 1171 1850 1272 viginti
1885 1199 2094 1247 naves
2140 1174 2410 1272 longas»,
2463 1175 2531 1244 &
2577 1169 2689 1245 so-

709 1290 858 1367 cios
913 1293 1187 1366 navales
1234 1319 1275 1366 a
1309 1295 1424 1366 M.
1462 1292 1692 1388 Junio
1749 1315 2067 1390 praetore
2101 1291 2474 1391 superioris
2515 1291 2693 1364 anni

706 1410 1021 1510 accipere
1050 1412 1303 1508 juffus,
1358 1413 1433 1484 &
1472 1411 1767 1488 scribere
1794 1411 1936 1512 ipse
1971 1413 2168 1488 mille
2202 1413 2478 1488 navales
2511 1409 2690 1486 soci-

705 1559 811 1620 OS,
863 1533 1013 1607 duo
1054 1530 1277 1606 millia
1336 1532 1698 1629 peditum:
1753 1560 1924 1611 cum
1971 1533 2056 1608 iis
2091 1534 2390 1610 navibus
2439 1531 2688 1606 militi-

705 1652 981 1752 busque
1013 1651 1089 1726 in
1124 1655 1361 1726 Afiarn
1406 1652 1785 1751 proficisci,
1831 1655 1908 1726 &
1955 1656 2234 1728 claffem
2267 1680 2310 1727 a
2341 1655 2427 1728 C.
2465 1651 2688 1726 Livio

701 1773 1041 1871 accipere.
1144 1775 1344 1847 Duas
1371 1772 1754 1872 Hispanias
1779 1770 2326 1872 Sardiniamque
2351 1771 2684 1847 obtinen-

708 1891 901 1968 tibus
958 1915 1415 1992 prorogatum
1467 1893 1542 1967 in
1587 1921 1858 1970 annum
1905 1894 2287 1994 imperium
2323 1893 2448 1981 est,
2501 1898 2570 1967 ὅτ
2600 1893 2686 1967 ii-

709 2009 877 2088 dem
904 2014 1253 2088 exercitus
1280 2015 1569 2090 decreti.
1644 2015 1920 2091 Siciliae
1946 2014 2451 2111 Sardiniaeque
2473 2013 2683 2089 binae

709 2159 795 2208 eo
840 2160 1027 2208 anno
1085 2137 1431 2210 decumae
1492 2134 1835 2210 frumenti
1889 2136 2300 2234 imperatae:
2356 2132 2684 2208 Siculum

708 2279 921 2328 omne
956 2254 1397 2330 frumentum
1436 2254 1508 2328 in
1545 2255 1905 2330 Aetoliam
1939 2257 2028 2328 ad
2079 2252 2474 2330 exercitum
2522 2257 2684 2354 por-'

707 2374 834 2449 tari
854 2376 1158 2470 jussum:
1211 2402 1301 2450 ex
1330 2374 1648 2449 Sardinia
1673 2402 1827 2474 pars
1862 2378 2206 2482 Romam,
2243 2402 2398 2475 pars
2432 2374 2507 2449 in
2537 2381 2684 2450 Ae-

710 2495 984 2582 toliam,
1020 2496 1277 2568 eodem
1313 2519 1462 2592 quo
1496 2494 1847 2569 Siculum.

804 2616 935 2687 III.
1037 2612 1458 2711 Priusquam
1494 2614 1813 2689 consules
1849 2614 1920 2688 in
1951 2615 2353 2713 provincias
2372 2617 2684 2715 proficis-

712 2753 1059 2820 cerentur,
1090 2732 1418 2832 prodigia
1446 2761 1570 2832 per
1603 2735 1975 2834 pontifices
2007 2736 2361 2835 procurari
2389 2737 2684 2835 placuit.

713 2857 993 2928 Romae
1020 2852 1327 2949 Junonis
1348 2854 1674 2929 Lucinae
1702 2858 2051 2956 templum
2074 2859 2164 2932 de
2187 2858 2387 2932 coelo
2415 2861 2687 2934 tactum

713 2997 884 3064 erat,
968 2974 1066 3049 ita
1119 2994 1201 3048 ut
1256 2972 1618 3074 fastigium
1663 2978 2049 3074 valvaeque
2097 2977 2684 3054 deformarentur.

711 3095 1028 3172 Puteolis
1054 3093 1378 3194 pluribus
1398 3094 1574 3169 locis
1600 3121 1846 3171 murus
1873 3101 1940 3171 δι
1975 3119 2178 3194 porta
2196 3095 2497 3172 fulmine
2519 3098 2682 3187 icta,

714 3219 791 3293 δι
836 3221 984 3293 (1υο
1034 3214 1359 3291 homines
1400 3213 1816 3290 exanimati.
1923 3220 2214 3290 Nurfiae
2257 3215 2497 3294 sereno
2530 3218 2686 3294 satis

716 3340 1076 3416 constabat
1108 3337 1445 3412 nimbum
1478 3359 1752 3412 ortum:
1817 3337 1918 3412 ibi
1954 3361 2250 3435 quoque
2293 3339 2474 3413 duos
2508 3339 2684 3414 libe-

714 3487 829 3536 ros
873 3459 1197 3534 homines
1248 3456 1710 3532 exanimatos.
1813 3460 2033 3531 Terra
2083 3459 2278 3556 apud
2317 3456 2384 3533 se
2437 3458 2686 3559 pluifl'e
2747 3530 2756 3538 .

717 3579 1109 3656 Tusculani
1146 3577 1607 3665 nunciabant,
1663 3576 1739 3648 &
1773 3577 2064 3652 Reatini
2099 3579 2371 3652 mulam
2409 3578 2484 3654 in
2518 3607 2688 3680 agro

719 3699 843 3774 suo
877 3697 1235 3798 peperiffe.
1340 3700 1449 3770 Ea
1499 3717 1894 3796 procurata,
1947 3694 2391 3796 Latinaeque
2426 3699 2688 3775 instau-

718 3841 949 3907 ratae3
1004 3820 1204 3916 quod
1230 3816 1712 3892 Laurentibus
1742 3816 1992 3904 carniS,
2051 3843 2231 3915 quae
2261 3819 2410 3893 dari
2445 3821 2686 3912 debet,

718 3941 881 4014 data
906 3965 1052 4012 non
1083 3938 1327 4012 fuerat.
1388 3939 1481 4010 Su
1488 3935 1825 4035 pplicatio
1852 3962 2148 4036 quoque
2175 3965 2416 4013 earum
2453 3939 2688 4040 religi-

716 4083 943 4136 onum
970 4059 1199 4134 cauffa
1230 4056 1393 4148 fuit,
1446 4056 1712 4156 quibus
1749 4057 1910 4134 Diis
1957 4059 2340 4136 decemviri
2370 4087 2462 4135 ex
2493 4059 2690 4138 libris
