3100 5359
667 675 818 766 42⁸
1375 667 2008 747 T.Lrvrr

671 853 722 888 “
761 841 1100 918 Bastarnis
1153 841 1552 918 Scordiscos
1605 841 1739 918 iter
1780 843 2087 918 daturos.
2224 843 2383 918 Nec
2442 845 2643 920 enim

667 975 720 1010 “
755 987 882 1040 aut
929 965 1180 1062 lingua
1213 983 1338 1037 aut
1373 961 1693 1038 moribus
1730 964 2055 1062 aequales
2094 963 2463 1038 abhorrere
2484 997 2510 1051 3
2558 966 2639 1036 δι

665 1095 718 1128 “
755 1083 940 1182 ipsos
969 1085 1428 1180 adjuncturos
1455 1079 1548 1170 se,
1584 1103 1815 1180 quum
1848 1081 1943 1156 ad
1974 1083 2307 1180 praedam
2340 1087 2635 1182 opulen-

663 1213 716 1248 “
753 1203 1042 1278 tiffitnae
1099 1201 1332 1304 gentis
1385 1201 1484 1277 ire
1527 1199 1929 1276 vidifl'ent.”
2024 1199 2201 1276 Inde
2236 1201 2313 1276 in
2346 1228 2634 1280 omnem

661 1346 998 1400 eventum
1031 1322 1320 1400 confina
1347 1323 2015 1399 commodabantur.
2114 1320 2275 1396 Sive
2334 1327 2503 1397 caefi
2540 1327 2633 1398 ab

661 1441 1012 1524 Romanis
1045 1443 1276 1520 forent
1309 1441 1697 1532 Bastarnae,
1734 1443 2105 1518 Dardanos
2136 1459 2373 1518 tamen
2406 1443 2635 1520 subla-

657 1585 792 1654 tos,
841 1563 1323 1664 praedamque
1347 1589 1440 1640 ex
1475 1561 1797 1663 reliquiis
1828 1561 2337 1650 Bastarnarum,
2386 1566 2457 1636 δι
2474 1563 2631 1662 pos-

661 1681 1022 1760 seffionem
1079 1683 1378 1762 liberam
1433 1683 1861 1772 Dardaniae,
1934 1679 2177 1756 solatio
2240 1681 2423 1756 fore:
2492 1685 2629 1757 five

653 1801 976 1904 prospere
1001 1805 1366 1906 geffifl‘ent,
1399 1803 1753 1880 Romanis
1778 1803 2021 1878 averfis
2050 1801 2127 1876 in
2149 1801 2624 1878 Bastarnarum

655 1925 956 2014 bellum,
1005 1943 1583 2024 recuperaturum
1626 1921 1693 1998 se
1738 1921 1815 1996 in
1864 1921 2189 2010 Graecia,
2240 1947 2425 2021 quae
2448 1922 2623 1997 ami-

651 2045 846 2120 fiffet.
941 2045 1152 2120 Haec
1187 2039 1502 2142 Philippi
1535 2041 1820 2118 confilia
1846 2041 2149 2116 fuerant.

747 2165 1022 2238 LVIII.
1123 2163 1406 2262 lngrefli
1439 2159 1603 2236 sunt
1628 2179 1878 2260 pacato
1908 2159 2223 2260 agmine,
2272 2163 2417 2237 fide
2450 2163 2621 2238 Cot·

649 2280 834 2357 tonis
867 2285 936 2356 δε
973 2281 1352 2381 Antigoni.
1447 2279 1593 2356 Sed
1624 2283 1821 2356 haud
1870 2283 2101 2356 multo
2150 2281 2308 2381 post
2358 2279 2621 2358 famam

647 2399 895 2476 mortis
933 2399 1246 2501 Philippi
1291 2423 1528 2499 neque
1562 2401 1879 2480 Thraces
1908 2400 2345 2478 commercio
2376 2400 2615 2478 faciles

644 2537 864 2610 eram,
899 2547 1132 2620 neque
1169 2519 1530 2596 Bastarnae
1558 2539 1752 2594 emto
1770 2519 2088 2596 contenti
2114 2521 2249 2596 effe
2268 2541 2621 2620 poterant,

641 2661 766 2716 aut
796 2639 870 2714 in
903 2639 1188 2740 agmine
1221 2637 1599 2728 contineri,
1650 2665 1740 2716 ne
1784 2641 2211 2716 decederent
2254 2639 2391 2716 via.
2490 2642 2608 2716 In-

641 2761 734 2836 de
777 2757 1074 2856 injuriae
1121 2761 1313 2834 ultro
1359 2761 1685 2858 citroque
1736 2759 1925 2836 fieri:
1976 2783 2283 2858 quarum
2330 2759 2407 2834 in
2460 2760 2617 2836 dies

641 2877 1086 2956 incremento
1151 2880 1424 2954 bellum
1489 2881 1755 2953 exarsit.
1857 2872 2221 2954 Postterrm
2272 2881 2612 2969 Thraces,

637 3025 870 3099 quum
897 2998 1048 3076 vim
1081 3025 1162 3076 ac
1195 2997 1739 3074 multitudinem
1770 2997 2103 3073 sustinere
2120 2997 2435 3074 hostium
2466 3021 2612 3074 non

633 3121 932 3216 pofl‘ent,
1003 3118 1262 3194 relictis
1317 3117 1827 3216 campestribus
1884 3115 2086 3208 vicis,
2148 3119 2227 3194 in
2288 3141 2610 3196 montem

635 3238 946 3338 ingentis
1001 3236 1400 3314 altitudinis
1451 3239 1871 3334 (Donucam
1912 3239 2201 3333 vocant)
2258 3243 2609 3316 eonceffe-

633 3377 822 3433 runt.
921 3363 1095 3460 Qo
1145 3357 1278 3434 ubi
1323 3355 1424 3432 ire
1463 3356 1823 3432 Bastarnae
1856 3358 2145 3448 vellent,
2196 3358 2391 3458 quali
2430 3381 2608 3436 tem-

629 3477 890 3576 pestate
933 3479 1180 3554 Gallos
1221 3477 1595 3576 spoliantes
1632 3479 1953 3576 Delphos
1984 3475 2173 3554 fama
2200 3479 2301 3556 est
2330 3501 2613 3580 pereni-e

631 3617 740 3670 tos
769 3599 944 3686 effe,
995 3597 1151 3672 talis
1181 3619 1336 3672 tum
1365 3595 1746 3685 Bastarnas,
1798 3597 2291 3698 nequidquam
2320 3604 2411 3676 ad
2424 3603 2611 3700 juga

627 3715 988 3792 montium
1067 3715 1742 3816 adpropinquantes,
1842 3719 2193 3817 obpreffit.
2334 3723 2607 3819 Neque

627 3835 822 3910 enim
867 3835 1092 3912 imbre
1127 3855 1405 3912 tanturn
1439 3835 1685 3924 effus0‚
1736 3835 1907 3911 dein
1938 3838 2363 3914 creberrima
2392 3861 2599 3940 gran·

623 3956 794 4030 dine
825 3956 1066 4032 obruti
1097 3955 1281 4044 sunt,
1335 3979 1506 4032 cum
1555 3954 1829 4056 ingenti
1876 3953 2151 4057 fragore
2196 3958 2381 4036 coeli
2412 3958 2597 4034 toni·

622 4071 988 4175 tribusque
1047 4079 1118 4152 δε
1183 4074 1589 4178 fulguribus
1644 4075 2321 4178 praestringentibus
2366 4079 2597 4156 aciem
