3100 5359
837 721 910 792 L
952 743 980 790 1
1041 745 1080 792 13
1139 743 1182 792 E
1239 743 1286 792 R
1389 719 1779 794 XXXVII.
2154 742 2277 792 101

321 913 581 992 turque
605 891 836 990 prima
867 913 1203 968 terrarum
1237 895 1593 968 Rhodum
1628 921 1667 967 a
1700 893 1954 969 Cilicia
1986 895 2281 992 petenti-

319 1017 484 1101 buS,
536 1013 611 1085 ὅτ,
656 1015 908 1110 procul
943 1013 1233 1088 navium
1279 1018 1566 1114 praebet
1602 1013 2075 1111 prospeetum.
2174 1019 2286 1088 Eo

317 1132 660 1219 maxime,
713 1154 798 1207 ut
832 1131 906 1206 in
934 1134 1150 1208 obvio
1185 1135 1363 1208 claffi
1387 1133 1699 1206 hostium
1732 1137 1970 1220 eflent,
2026 1135 2287 1208 electus
2322 1179 2329 1190 α

315 1254 522 1328 locus
573 1251 695 1326 est.
794 1254 1161 1340 Ceterum,
1215 1255 1416 1350 quod
1473 1280 1617 1328 non
1672 1253 2154 1350 providerunt,
2218 1259 2287 1326 ὅτ

319 1373 486 1447 loco
518 1371 738 1471 gravi,
773 1372 848 1444 &
879 1394 1192 1470 tempore
1224 1371 1419 1459 anni,
1460 1373 1816 1470 (medium
1852 1373 2043 1445 enim
2077 1372 2285 1445 aesta-

320 1492 408 1568 tis
419 1493 596 1585 erat)
630 1492 718 1565 ad
743 1493 880 1566 hoc
906 1491 1186 1566 insolito
1209 1491 1760 1590 odoreingruere
1786 1491 2014 1567 morbi
2040 1493 2285 1590 vulg0,

319 1611 637 1687 maxime
689 1611 765 1686 in
797 1612 1124 1712 remiges,
1187 1634 1591 1710 coeperunt.
1696 1615 1929 1710 Cujus'
1968 1611 2289 1710 pestilen-

322 1730 460 1806 tiae
492 1751 686 1805 metu
717 1730 1044 1830 proferiti,
1105 1759 1336 1831 quum
1361 1736 2046 1830 praeterveherentur
2080 1737 2288 1806 Pam-

323 1850 656 1949 phylium
718 1855 970 1940 finum,
1023 1855 1113 1926 ad
1169 1855 1783 1950 Eurymedontem
1829 1878 2111 1926 amnem
2170 1855 2291 1925 ad-

321 1970 522 2069 pulsa
555 1972 782 2059 claffe,
835 1971 1141 2046 audiunt
1173 1975 1262 2046 ab
1286 1971 1693 2069 Aspendiis,
1746 1973 1835 2044 ad
1874 1969 2116 2044 Sidam
2138 1971 2291 2066 jam

326 2091 556 2164 hostes
610 2093 766 2164 effe.
867 2090 1175 2165 Tardius
1227 2091 1720 2190 navigaverant
1756 2091 1954 2190 regii,
2007 2087 2292 2162 adverso

322 2231 640 2308 tempore
698 2211 1110 2298 Etesiarum,
1173 2213 1372 2309 quod
1417 2213 1613 2285 velut
1660 2211 1911 2285 statum
1962 2213 2021 2282 F
2025 2209 2293 2282 avoniis

323 2329 555 2402 ventis
582 2329 767 2402 effet.
868 2330 1328 2404 Rhodiorum
1365 2333 1546 2404 duae
1578 2337 1641 2404 ὃ(
1682 2330 1970 2430 triginta
2008 2327 2293 2426 quadri-

325 2473 578 2537 remeS,
633 2453 700 2521 ὅτ
757 2471 1062 2545 quatuor
1107 2450 1420 2523 triremes
1473 2449 1689 2524 fuere.
1791 2449 2017 2548 Regia
2078 2450 2294 2523 claffis

325 2567 596 2666 septem
629 2572 698 2641 &
744 2567 1028 2666 triginta
1061 2568 1338 2663 majoris
1373 2569 1638 2643 formae
1668 2569 1955 2642 navium
1992 2589 2161 2656 erat,
2218 2567 2295 2642 in

323 2687 593 2784 quibus
641 2691 1125 2784 treshepteres
1169 2687 1243 2759 &
1278 2709 1585 2784 quatuor
1638 2691 1924 2762 hexeres
1968 2690 2295 2762 habebat.

330 2808 610 2882 Praeter
655 2809 776 2882 has
803 2809 1053 2882 decem
1101 2806 1414 2880 triremes
1461 2828 1677 2881 erant.
1791 2811 1885 2882 Et
1938 2808 2011 2880 hi
2070 2809 2296 2882 adeffe

325 2926 556 3000 hostes
603 2952 692 3002 ex
731 2925 1010 3025 specula
1071 2927 1384 3024 quadam
1443 2953 1861 3025 cognovere.
1974 2930 2296 3025 Utraque

325 3047 545 3120 cla-fiis
565 3046 838 3145 postero
864 3047 982 3122 die
1008 3047 1168 3122 luce
1190 3046 1442 3144 prima,
1479 3069 1843 3144 tamquam
1871 3073 1957 3120 eo
1978 3047 2093 3120 die
2114 3073 2297 3146 pug-

327 3187 608 3253 natura,
659 3193 698 3242 e
741 3190 950 3264 portu
1000 3167 1262 3242 movit:
1315 3172 1411 3255 &,
1463 3167 1839 3265 postquam
1896 3166 2297 3265 superavere

325 3284 612 3362 Rhodii
664 3287 1261 3383 promontorium,
1339 3289 1540 3386 quod
1595 3290 1685 3360 ab
1725 3286 1891 3360 Sida
1947 3285 2302 3384 prominet

329 3407 404 3482 in
445 3411 700 3497 altum,
753 3410 1112 3505 extemplo
1147 3413 1212 3480 &
1249 3406 1601 3504 conspecti
1638 3409 1727 3481 ab
1761 3406 2078 3481 hostibus
2112 3406 2298 3495 sunt,

327 3531 400 3604 ὅτ
467 3527 596 3626 ipfi
659 3553 778 3601 eos
831 3527 1184 3601 viderunt.
1306 3530 1427 3606 Ab
1475 3527 1684 3626 regiis
1736 3527 2001 3601 finistro
2047 3552 2298 3615 corun,

327 3648 536 3745 quod
582 3650 674 3722 ab
731 3647 873 3720 alto
934 3647 1296 3741 objeetum
1351 3668 1518 3734 erat,
1594 3647 1988 3733 Hannibal,
2053 3648 2302 3722 dextro

330 3765 793 3864 Apollonius,
871 3787 1420 3862 purpuratorum
1479 3791 1694 3853 unus,
1774 3787 2102 3864 praeerat.
2208 3769 2305 3840 Et

315 3886 470 3982 jam
506 3885 584 3959 in
621 3885 927 3960 frontem
963 3885 1257 3959 dimetas
1301 3885 1659 3959 habebant
1694 3911 1921 3959 naves·
2025 3885 2304 3959 Rhodii

326 4007 554 4104 longo
603 4004 889 4104 agmine
945 4004 1341 4080 veniebant.
1444 4003 1683 4078 Prima
1726 4005 2069 4103 praetoria
2111 4005 2306 4078 navis

331 4125 655 4200 Eudami
697 4147 880 4215 erat;
933 4129 1231 4226 cogebat
1279 4149 1537 4223 agmen
1585 4125 2045 4214 Chariclitus;
2100 4127 2305 4198 Parn-
