3100 5359
805 702 938 799 156
1450 700 2097 773 T.L1v11

792 874 993 948 testes
1014 872 1604 972 conspiciebatur:
1641 876 1842 972 cujus
1860 873 2369 960 auctoritatem,
2397 893 2736 971 perpetuo

797 1012 1033 1067 tenore
1090 991 1273 1067 vitae
1328 1015 1622 1090 partam,
1668 1014 1834 1092 toga
1889 992 2193 1067 candida
2243 993 2579 1066 elevabat.
2674 995 2741 1066 Is

794 1110 1007 1200 τεθεὶς,
1064 1137 1245 1210 quae
1279 1111 1434 1186 vasa
1464 1138 1670 1186 aurea
1693 1133 1906 1211 atque
1939 1132 2287 1210 argentea,
2347 1110 2568 1208 captis
2603 1110 2741 1186 cas-

796 1229 946 1318 triS,
980 1230 1160 1305 inter
1196 1232 1401 1307 aliam
1433 1234 1762 1330 praedam
1788 1232 2052 1332 regiam
2085 1230 2385 1320 vidisset,
2447 1258 2531 1306 ea
2573 1232 2642 1305 se
2675 1231 2750 1306 in

797 1350 1164 1448 triumpho
1221 1354 1521 1451 negabat
1583 1352 1850 1427 vidiffe.
1981 1350 2342 1425 Postremo
2395 1349 2472 1423 in
2539 1352 2750 1448 hujus

795 1470 1107 1546 maxime
1170 1470 1514 1547 invidiam
1573 1470 1884 1547 defistere
1941 1468 2007 1544 se
2063 1469 2398 1567 petitione
2459 1470 2755 1545 Glabrio

798 1588 1030 1676 dixit3
1084 1592 1401 1689 quando,
1455 1592 1658 1690 quod
1687 1590 1881 1665 taciti
1915 1589 2447 1689 indignarentur
2478 1589 2749 1664 nobiles

794 1707 1145 1798 homines,
1180 1708 1258 1782 id
1287 1734 1510 1806 aeque
1541 1735 1766 1784 novus
1799 1707 2221 1807 competitor
2253 1707 2744 1785 inaestimabili

799 1827 1105 1927 perjurio
1132 1827 1512 1904 incefl‘eret.

895 1948 1167 2025 LVIII.
1269 1950 1581 2023 Centum
1623 1945 1936 2023 millium
1981 1948 2206 2021 multa
2239 1946 2552 2045 inrogata
2583 1970 2751 2023 erat.

804 2065 921 2142 Bis
954 2066 1044 2141 de
1078 2091 1159 2143 ea
1184 2093 1255 2141 re
1290 2088 1632 2143 certatum
1664 2066 1786 2141 est.
1885 2066 2158 2153 Tertio,
2189 2092 2418 2164 quum
2452 2068 2544 2140 de
2576 2068 2752 2165 peti-

798 2185 992 2261 tione
1012 2184 1371 2261 destitisset
1396 2212 1581 2274 reus,
1633 2208 1762 2261 nec
1798 2187 2106 2285 populus
2133 2187 2224 2259 de
2255 2188 2484 2260 multa
2513 2184 2746 2261 suffia-

797 2306 1004 2405 gium
1024 2305 1197 2381 ferre
1218 2304 1474 2394 voluit,
1510 2306 1585 2377 &
1605 2303 1871 2381 tribuni
1893 2331 1978 2379 eo
1999 2304 2287 2403 negotio
2319 2304 2751 2380 destiterunt.

796 2424 1133 2501 Censores
1186 2427 1279 2500 T.
1308 2422 1696 2526 Qinffius
1731 2423 2198 2511 Flaminiana,
2255 2427 2371 2498 M.
2405 2424 2752 2499 Claudius

798 2546 1185 2620 Marcellus
1232 2542 1467 2619 creati.
1579 2543 1714 2619 Per
1765 2542 2046 2619 eosdem
2093 2543 2244 2617 dies
2296 2546 2391 2617 L.
2436 2542 2754 2618 Aemilio

797 2664 1115 2765 Regill0‚
1167 2661 1297 2761 qui
1343 2664 1541 2737 claffe
1575 2660 2008 2760 praefectum
2043 2661 2388 2738 Antiochi
2416 2661 2597 2761 regis
2629 2664 2751 2737 de-

796 2782 1083 2870 vicerat,
1133 2802 1328 2857 extra
1374 2786 1629 2857 urbem
1662 2782 1740 2856 in
1771 2784 1943 2857 aede
1993 2782 2351 2880 Apollinis
2391 2807 2625 2881 quum
2653 2781 2751 2856 se-

798 2904 1003 2977 natus
1022 2903 1227 2977 datus
1261 2903 1449 2990 effet,
1482 2900 1744 2977 auditis
1777 2904 1986 2977 rebus
2019 2900 2226 3000 gestis
2259 2902 2431 2997 ejus,
2468 2900 2752 3000 quantis

796 3046 971 3098 cum
1003 3024 1319 3098 claffibus
1345 3020 1660 3098 hostium
1693 3020 2110 3109 dimicaffet,
2145 3043 2324 3117 quot
2344 3020 2511 3095 inde
2545 3046 2752 3095 naves

794 3141 1217 3218 demerfiffet
1268 3162 1392 3217 aut
1434 3140 1744 3239 cepiffet‚
1792 3156 2054 3239 magno
2087 3138 2426 3215 consensu
2461 3143 2754 3219 Patrum

793 3260 1201 3361 triumphus
1280 3259 1541 3334 navalis
1618 3260 1718 3335 est
1777 3261 2125 3335 decretus.
2251 3258 2756 3359 Triumphavit

796 3380 1137 3457 Kalendis
1188 3378 1606 3455 Februariis.
1704 3381 1789 3454 In
1834 3405 1921 3454 eo
1951 3379 2315 3476 triumpho
2347 3378 2755 3477 undequin-

800 3498 1141 3599 quaginta
1190 3524 1486 3575 coronae
1520 3524 1767 3573 aureae
1812 3500 2163 3574 transsatae
2195 3497 2398 3573 sunt:
2451 3499 2757 3596 pecunia

798 3643 1257 3718 nequaquam
1290 3640 1506 3708 tanta,
1555 3644 1684 3718 pro
1717 3617 1760 3691 s
1746 3618 1944 3716 pecie
1991 3617 2163 3718 regii
2210 3618 2602 3717 triumphi3
2655 3641 2756 3695 te-

796 3740 1235 3815 tradrachma
1290 3738 1536 3813 Attica
1587 3735 1874 3836 triginta
1904 3758 2210 3837 quatuor
2241 3736 2468 3814 millia
2491 3738 2752 3837 septin-

798 3877 1036 3959 genta,
1098 3856 1477 3956 cistophori
1538 3880 1828 3933 centum
1887 3856 2175 3956 triginta
2235 3884 2467 3933 unum
2533 3860 2757 3935 millia

798 3976 1115 4054 trecenti.
1212 3970 1772 4075 Supplicationes
1821 3976 2082 4052 deinde
2123 3976 2410 4053 fuerunt
2437 4005 2526 4053 ex
2559 3974 2753 4055 sena-

796 4096 1253 4188 tusconsulto,
1315 4099 1517 4195 quod
1547 4099 1644 4173 L.
1677 4095 2033 4173 Aemilius
2071 4096 2149 4173 in
2180 4097 2528 4199 Hispania
2563 4098 2755 4198 pros-
