3100 5359
803 694 945 785 418
1474 689 2105 767 T.L1v11

804 889 1031 962 nuper
1073 861 1308 962 legati.
1412 864 1558 936 Eos
1591 886 1826 960 quum
1859 885 1985 959 per
2013 857 2292 959 aliquot
2323 860 2504 950 dies,
2553 888 2779 939 arma-

804 1004 1035 1059 turam
1084 985 1317 1060 levem
1370 982 1802 1057 inmittendo
1869 980 1946 1053 in
1996 979 2350 1070 stationes,
2427 984 2780 1059 laceffifl'et

801 1102 1032 1201 parvis
1088 1102 1396 1202 proeliis,
1446 1100 1523 1175 in
1576 1100 1730 1175 dies
1775 1100 2037 1196 majora
2065 1099 2453 1175 certamina
2485 1100 2776 1191 serebat,

802 1246 887 1298 ut
936 1248 1185 1297 ornnes
1226 1242 1425 1297 extra
1468 1219 1902 1296 munitiones
1928 1217 2234 1295 eliceret.
2335 1220 2521 1309 Ubi,
2549 1223 2778 1321 ‘quod

802 1344 1196 1441 petebatur,
1266 1339 1463 1416 senfit
1514 1342 1874 1428 effectum,
1925 1338 2359 1416 auxiliorum
2409 1340 2777 1439 praefectis

804 1460 1125 1560 imperat,
1176 1484 1285 1550 ut,
1335 1463 1695 1537 contracto
1721 1460 2128 1549 certamine,
2182 1482 2552 1559 tamquam
2589 1460 2776 1535 mul·

800 1580 1112 1657 titudine
1132 1580 1644 1682 superarentur,
1667 1600 1948 1680 repente
1975 1579 2420 1680 tergisdatis,
2437 1582 2531 1655 ad
2556 1580 2778 1657 castra

800 1702 1012 1779 effuse
1066 1702 1413 1802 fugerent.
1512 1700 1666 1801 Ipse
1697 1700 1878 1776 intra
1915 1701 2182 1776 vallum
2213 1701 2307 1774 ad
2338 1710 2589 1775 omnes
2613 1726 2775 1800 por·

726 1903 733 1910 ,
800 1843 902 1899 tas
947 1820 1277 1898 instruxit
1320 1819 1581 1920 copias.
1679 1822 1915 1897 Haud
1949 1822 2265 1895 multum
2299 1819 2641 1919 temporis
2663 1819 2772 1897 in·

797 1945 1118 2031 terceffit,
1150 1968 1381 2041 quum
1401 1966 1493 2016 ex
1517 1940 1910 2040 compofito
1945 1938 2455 2039 refugientium
2483 1940 2774 2017 suorum

798 2086 1088 2161 agmen,
1138 2062 1296 2161 post
1346 2060 1560 2137 effuse
1611 2060 1977 2161 sequentes
2021 2063 2348 2137 barbaros
2379 2058 2770 2159 conspexit.

798 2180 1220 2257 Instructam
1282 2182 1374 2257 ad
1432 2183 1574 2257 hoc
1627 2179 1858 2281 ipsum
1904 2178 2087 2257 intra
2117 2180 2406 2255 'vallum
2465 2180 2776 2257 habebat

798 2298 1051 2375 aciem.
1152 2302 1401 2399 Itaque
1436 2322 1715 2377 tantum
1749 2320 2091 2388 moratuS,
2139 2320 2222 2373 ut
2255 2297 2415 2375 suos
2447 2298 2771 2401 refugere

796 2419 875 2495 in
929 2419 1145 2496 castra
1180 2419 1408 2496 libero
1459 2420 1754 2496 intro'r'tu
1801 2424 2070 2509 fineret,
2120 2420 2426 2497 clamore
2467 2418 2770 2530 sublat0,

794 2538 1007 2615 fimul
1053 2539 1391 2619 omnibus
1428 2540 1649 2638 portis
1681 2538 1936 2639 erupit.
2035 2542 2212 2615 Non
2248 2539 2681 2617 sustinuere
2664 2567 2770 2617 in·

796 2680 1048 2759 petum
1080 2658 1588 2757 necopinatum
1615 2660 1865 2739 hostes.
1965 2658 2118 2761 Qi
2137 2661 2230 2737 ad
2249 2660 2466 2737 castra
2487 2664 2770 2763 obpug-

799 2780 1035 2857 nanda
1076 2798 1436 2871 venerant,
1486 2805 1578 2854 ne
1632 2778 1752 2861 sua
1791 2778 2090 2878 quidem
2133 2778 2314 2855 tueri
2355 2800 2766 2878 potuerunt.

799 2902 994 2977 Nam
1022 2900 1383 2998 extemplo
1416 2898 1571 2987 fufi,
1624 2898 1878 2999 fugati,
1927 2925 2102 2977 mox
2137 2900 2316 2975 intra
2344 2902 2616 2977 vallum
2649 2928 2768 3001 pap

796 3039 1040 3095 ventes
1086 3020 1455 3115 compulsi,
1505 3018 1862 3116 postremo
1903 3040 2270 3095 exuuntur
2295 3018 2555 3095 castris.
2657 3024 2769 3098 Eo

798 3138 919 3215 die
940 3164 1201 3214 novem
1218 3134 1440 3213 millia
1468 3137 1780 3215 hostiurn
1813 3138 2034 3239 caesar
2072 3138 2261 3238 capti
2291 3139 2438 3215 vivi
2471 3141 2768 3217 trecenti

799 3257 1084 3359 viginti,
1134 3257 1305 3358 equi
1372 3279 1667 3335 centum
1713 3258 2128 3349 duodecim,
2191 3264 2383 3360 figna
2437 3260 2771 3339 militaria

798 3377 1087 3479 triginta
1140 3377 1429 3478 septem.
1532 3382 1650 3455 De
1710 3378 2023 3455 exercitu
2081 3382 2420 3457 Romano
2471 3402 2770 3515 centum

798 3524 1059 3575 novem
1084 3498 1519 3577 ceciderunt.

895 3619 1178 3695 XLIX.
1278 3622 1402 3695 Ab
1427 3622 1567 3695 hoc
1593 3618 1863 3719 proelio
1889 3622 2256 3696 Gracchus
2286 3618 2498 3697 duxit
2519 3622 2614 3697 ad
2646 3624 2770 3699 de-

796 3738 1292 3838 populandum
1358 3738 1814 3815 Celtiberiam
1877 3738 2217 3839 legiones.
2327 3742 2452 3828 Et,
2532 3767 2768 3840 quum

797 3856 1007 3933 ferret
1058 3858 1299 3956 paffirn
1342 3860 1603 3935 cuneta
1645 3880 1858 3958 atque
1908 3879 2168 3959 ageret,
2217 3860 2614 3962 populique
2649 3863 2771 3939 alii

797 3980 1186 4067 voluntate,
1256 3976 1377 4053 alii
1428 3997 1628 4052 metu
1675 3977 1940 4079 jugum
1985 3978 2413 4079 acciperent,
2475 4002 2772 4061 centum

798 4098 933 4181 tria
973 4098 1239 4207 oppida
1280 4097 1464 4201 intra
1504 4122 1769 4199 paucos
1801 4097 1954 4185 dies
1983 4098 2064 4199 in
2087 4100 2536 4185 deditionem
2561 4128 2768 4187 acce?
