3100 5359
746 708 763 722 ,
897 636 1352 711 Lista
1457 636 1815 719 XXXVI.
2230 660 2321 745 31

359 839 415 871 '¹‘
453 854 635 915 mos,
670 844 754 901 ut
785 822 1086 904 crastino
1118 822 1264 913 die,
1301 826 1480 899 bene
1499 824 1921 923 juvantibus
1952 822 2145 915 Diis,
2178 825 2329 907 acie

211 960 222 971 ’
361 960 412 995 “
447 946 984 1023 decernamus.''

459 1069 739 1145 XVIII.
839 1068 964 1143 Ab
998 1068 1130 1143 hac
1163 1064 1512 1142 concione
1551 1063 1808 1143 dimiffi
1842 1062 2127 1156 milites,
2184 1068 2329 1167 pri-

361 1186 667 1289 usquam
727 1212 1024 1287 corpora
1079 1206 1428 1275 curarent,
1488 1210 1683 1262 arma
1729 1186 2010 1285 telaque
2058 1212 2326 1291 parant.

366 1310 574 1385 Luce
605 1308 858 1408 prima,
913 1312 1107 1409 figno
1137 1331 1420 1407 pugnae
1445 1309 1825 1405 propolim,
1878 1305 2157 1384 instruit
2187 1308 2331 1389 aci-

361 1455 480 1504 em
514 1428 786 1518 consul,
847 1448 992 1505 arta
1023 1427 1282 1516 fronte,
1345 1427 1440 1503 ad
1486 1448 1811 1505 naturam
1860 1432 1931 1503 δι
1979 1429 2329 1531 angustias

365 1548 534 1625 loci.
633 1552 828 1637 Rex,
862 1548 1238 1649 postquam
1273 1550 1462 1651 ligna
1489 1546 1803 1623 hostium
1836 1548 2227 1649 conspexit,
2256 1556 2329 1631 &

361 1668 510 1768 ipse
543 1669 790 1769 copias
821 1668 1094 1746 eduxit.
1192 1666 1412 1743 Levis
1441 1686 1830 1745 armaturae
1861 1690 2133 1768 partem
2164 1692 2329 1749 ante
2372 1694 2385 1701 ·

362 1790 631 1865 vallum
661 1789 740 1865 in
770 1789 1003 1888 primo
1037 1786 1332 1865 locavit:
1369 1807 1526 1862 tum
1554 1786 2049 1866 Macedonum
2084 1795 2326 1885 robur,
2476 1876 2483 1883 ,

363 1934 544 2009 quos
598 1909 1101 2009 Sarifl‘ophoros
1155 1908 1626 2009 adpellabant,
1674 1910 1875 1985 velut
1924 1912 2327 1989 firmamen-

363 2050 520 2105 tum
547 2029 734 2105 circa
757 2029 934 2129 ipsas
957 2028 1392 2105 munitiones
1417 2026 1804 2108 constituit.
1854 2028 2001 2105 His
2018 2035 2111 2109 ab
2134 2032 2325 2111 finis-

364 2173 472 2225 tro
507 2176 727 2226 cornu
771 2152 1245 2248 jaculatorum
1284 2146 1941 2250 sagittariorumque
1973 2154 2042 2225 δε
2078 2150 2327 2229 fundi·
2446 2244 2451 2251 ‚

363 2292 599 2347 torum
633 2296 930 2351 manum
977 2269 1108 2345 sub
1161 2268 1318 2368 ipsis
1371 2266 1727 2347 radicibus
1764 2268 2027 2347 montis
2059 2271 2321 2373 posuit,

364 2414 445 2465 ut
473 2416 564 2465 ex
597 2390 838 2465 altiore
871 2392 1032 2465 loco
1063 2390 1258 2471 nuda
1299 2390 1510 2468 latera
1541 2386 1857 2462 hostium
1891 2386 2322 2471 incefl'erent.

365 2513 490 2591 Ab
527 2511 780 2585 dextro
824 2508 1354 2585 Macedonibus
1402 2509 1494 2582 ad
1554 2506 1787 2607 ipsum
1838 2510 2325 2591 munimento-

363 2658 522 2707 rum
557 2633 803 2721 finem,
847 2657 992 2731 qua
1021 2632 1178 2706 loca
1207 2628 1433 2727 usque
1466 2628 1559 2709 ad
1593 2654 1780 2703 mare
1814 2628 2006 2705 invia
2034 2632 2321 2733 palustri

359 2749 535 2831 limo
593 2750 670 2824 δι
732 2749 1187 2850 voraginibus
1243 2749 1617 2836 claudunt,
1678 2750 2087 2849 elephantos
2144 2782 2319 2833 cum

359 2871 648 2947 adsueto
679 2868 1017 2971 praefidio
1049 2867 1328 2967 posuit;
1371 2865 1530 2966 post
1557 2893 1702 2956 eos,
1754 2868 2027 2967 equites
2048 2906 2074 2961 3
2130 2896 2317 2966 tum,

357 2991 652 3067 modico
683 2989 1052 3065 intervallo
1085 2988 1354 3076 relicto,
1408 3008 1665 3064 ceteras
1698 2987 1937 3087 copias
1966 2992 2042 3068 in
2072 2994 2318 3073 secun·

359 3113 452 3187 da
473 3110 649 3187 acie.
750 3111 1220 3197 Macedones„
1253 3133 1395 3206 pro
1439 3108 1625 3181 vallo
1667 3110 1906 3199 locati,
1942 3111 2177 3210 primo
2216 3114 2318 3193 fa-

359 3232 494 3307 cile
529 3230 959 3307 sustinebant
987 3232 1384 3317 Romanos,
1414 3247 1757 3303 tentantes
1780 3233 1873 3305 ab
1895 3232 2095 3311 omni
2124 3258 2317 3334 parte

355 3350 635 3431 aditus:
689 3352 1002 3430 multum
1055 3347 1580 3446 adjuvantibus,
1635 3347 1766 3447 qui
1798 3375 1889 3425 ex
1920 3354 2082 3430 loco
2114 3356 2319 3458 supe-

361 3470 540 3547 riore
593 3470 868 3561 fundiS,
922 3470 1120 3546 velut
1179 3468 1540 3558 nimbum,
1598 3470 1891 3569 glandes
1934 3477 2003 3548 δε
2043 3473 2319 3579 sagittas

355 3594 558 3667 fimul
605 3618 688 3668 ac
733 3592 973 3693 jacula
1019 3590 1457 3691 ingerebant.
1558 3588 1870 3682 Deinde,
1920 3617 2006 3670 ut
2070 3602 2317 3697 major,

358 3737 490 3786 nec
525 3712 678 3809 jam
723 3712 1083 3817 toleranda
1111 3708 1218 3787 vis
1251 3708 1562 3784 hostiurn
1603 3708 1943 3789 inferebat
1986 3716 2079 3808 se,
2132 3720 2317 3818 pulfi

355 3832 518 3907 loco
552 3830 737 3907 intra
763 3832 1236 3919 munimenta,
1287 3828 1653 3907 subduffitis
1694 3832 2091 3927 ordinibus,
2140 3865 2315 3917 con·

353 3953 740 4037 cefferuntt
793 3951 963 4028 inde
1014 3978 1105 4027 ex
1163 3952 1349 4027 vallo
1397 3977 1618 4051 prope
1666 3954 1966 4030 alterum
2017 3939 2313 4053 vallum,
2342 3957 2371 4037 .’

349 4070 564 4186 bastis
605 4096 768 4171 prae
811 4070 880 4149 se
923 4071 1244 4173 objectis,
1293 4070 1634 4161 fecerunt.
1734 4076 1831 4151 Et
1880 4074 1979 4176 ita
2026 4060 2317 4181 modica
