3100 5359
710 734 860 803 424
1350 708 1447 791 Τ.
1544 706 1986 782 L1v·11

713 882 973 959 noratis
1012 876 1330 983 Philippi
1372 880 1624 959 amicis
1649 884 1840 959 unus
1873 882 2324 979 incorruptus
2355 905 2686 980 perman-

714 1002 919 1079 seratz
972 1002 1184 1101 eique
1216 1028 1299 1079 ea
1322 1004 1527 1091 fides,
1579 1027 2036 1101 nequaquam
2062 999 2384 1077 amicum
2409 998 2682 1089 Persea,

712 1121 1273 1198 inimiciffimum
1338 1120 1617 1199 fecerat.
1735 1124 1834 1212 Is,
1911 1120 2344 1221 prospiciens
2409 1121 2684 1211 animo,

713 1263 986 1341 quanto
1028 1268 1201 1318 cum
1236 1242 1556 1343 periculo
1587 1243 1716 1319 suo
1745 1239 2133 1319 haereditas
2159 1240 2358 1341 regni
2389 1262 2692 1321 ventura

712 1363 876 1437 esset
926 1364 1017 1436 ad
1068 1357 1338 1451 Persea,
1389 1384 1471 1437 ut
1502 1364 1826 1462 primurn
1853 1365 2080 1443 labare
2112 1361 2444 1439 animum
2469 1362 2682 1463 regis,

710 1484 780 1555 δε
832 1480 1289 1581 ingemiscere
1363 1482 1728 1559 interdum
1814 1483 1946 1558 filii
2025 1482 2370 1561 defiderio
2443 1482 2688 1573 senfit3

712 1624 909 1677 nunc
960 1604 1371 1699 praebendo
1424 1630 1652 1693 aureS‚
1723 1629 1918 1681 nunc
1995 1604 2392 1681 lacefl'endo
2467 1600 2685 1679 etiam

710 1720 1152 1797 mentionem
1198 1724 1297 1797 rei
1350 1742 1612 1799 temere
1645 1726 1866 1807 actae.
1918 1721 2119 1822 saepe
2149 1721 2478 1823 querenti
2506 1750 2685 1823 que-

710 1866 866 1917 rens
899 1846 964 1917 &
996 1840 1137 1941 ipse
1171 1846 1428 1921 aderat.
1531 1847 1657 1933 Et,
1705 1870 1940 1945 quum
1975 1846 2202 1921 multa
2231 1842 2539 1919 adsolent
2561 1870 2684 1919 ve-

711 1962 874 2039 ritas
926 1964 1261 2061 praebere
1309 1963 1603 2064 vestigia
1653 1963 1788 2054 sui,
1849 1964 2052 2041 omni
2101 1990 2238 2064 ope
2275 1965 2686 2060 adjuvabat,

710 2108 861 2182 quo
904 2082 1253 2159 maturius
1286 2082 1529 2159 omnia
1566 2106 1998 2161 emanarent.
2093 2083 2414 2183 suspecti
2449 2088 2521 2159 &
2547 2084 2686 2159 mi-

706 2202 903 2281 nistri
984 2202 1341 2293 facinoris,
1437 2206 1728 2303 Apelles
1785 2206 2099 2283 maxime
2162 2209 2231 2280 &
2293 2204 2684 2294 Philocles,

707 2345 949 2412 erant3
1000 2322 1133 2421 qui
1167 2325 1484 2399 Romam
1516 2324 1730 2424 legati
1765 2324 2072 2413 fuerant,
2122 2322 2494 2423 literasque
2527 2324 2682 2400 exi-

708 2444 903 2520 tiales
925 2440 1301 2522 Demetrio
1325 2441 1456 2523 sub
1490 2444 1784 2519 nomine
1812 2442 2202 2521 Flaminini
2235 2447 2656 2521 admlerant.

808 2562 966 2637 LV.
1070 2561 1299 2637 Falsas
1350 2565 1511 2650 effe,
1565 2568 1633 2638 &
1677 2589 1722 2639 a
1763 2564 1986 2639 scriba
2015 2563 2317 2653 vitiatas,
2369 2568 2681 2665 {ignum-

708 2708 854 2783 que
880 2682 1390 2771 adulterinum,
1442 2683 1667 2783 vulgo
1699 2683 1778 2759 in
1809 2683 2004 2784 regia
2029 2684 2445 2761 fremebant.
2545 2688 2680 2763 Ce-

706 2825 966 2891 terum,
1037 2802 1268 2903 quum
1330 2802 1647 2901 suspecta
1701 2803 1957 2903 magis,
2017 2830 2241 2903 quam
2289 2804 2678 2894 manifesta,

706 2926 873 3001 effet
898 2948 1030 3013 res,
1080 2921 1261 2999 forte
1298 2924 1600 3022 Xychus
1625 2922 1885 2999 obvius
1917 2924 2002 2999 fit
2034 2924 2434 3025 Antigono,
2483 2950 2676 3001 com-

703 3041 1221 3145 prehensusque
1248 3045 1347 3118 ab
1372 3066 1461 3119 eo
1494 3042 1572 3117 in
1601 3042 1870 3146 regiam
1901 3044 2002 3119 est
2020 3044 2430 3145 perductus.
2529 3047 2679 3120 Re·

704 3163 877 3239 licto
902 3188 991 3239 eo
1012 3162 1457 3252 custodibus,
1506 3162 1926 3264 Antigonus
1950 3166 2048 3239 ad
2069 3163 2494 3265 Philippum
2521 3188 2678 3263 pro-

690 3286 918 3361 ‘ceffit.
1016 3294 1069 3331 “
1106 3283 1443 3374 Multis,'’
1492 3282 1760 3384 inquit,
1805 3293 1859 3329 ‘⁶
1895 3282 2336 3361 sermonibus
2356 3284 2677 3361 intellex-

708 3414 762 3449 “
798 3401 919 3478 iffe
948 3403 1223 3494 videor,
1254 3430 1521 3505 magno
1539 3424 1610 3481 te
1640 3403 2198 3493 aestimatorum,
2233 3407 2282 3479 fi
2317 3403 2492 3481 scire
2521 3430 2682 3481 vera

707 3532 759 3569 ‘⁶
795 3522 1037 3600 omnia
1084 3526 1293 3623 poffis
1342 3526 1437 3600 de
1480 3522 1646 3600 filiis
1673 3523 1844 3613 tuis,
1893 3544 2054 3599 uter
2083 3528 2176 3599 ab
2217 3545 2384 3599 utro
2417 3524 2680 3624 petitus

706 3654 759 3689 “
796 3642 1043 3719 fraude
1075 3647 1145 3720 &
1180 3643 1447 3721 infidiis
1478 3650 1666 3723 effet.
1763 3644 2027 3719 Homo
2075 3668 2268 3719 unus
2319 3644 2680 3734 omnium,

708 3774 765 3809 “
799 3763 930 3863 qui
964 3765 1244 3841 nodum
1274 3766 1490 3861 hujus
1521 3763 1768 3839 erroris
1799 3762 2154 3838 exsolvere
2181 3768 2410 3863 pellit,
2443 3764 2519 3839 in
2551 3790 2680 3863 po-

706 3894 760 3930 “
796 3882 1035 3961 testate
1059 3905 1185 3959 tua
1213 3882 1315 3961 est
1347 3884 1672 3983 Xychus.
1771 3886 1985 3959 Forte
2011 3904 2350 3961 vocatum
2377 3886 2680 3983 perduc-

708 4018 761 4051 “
792 3995 1103 4105 tumque
1148 4004 1225 4079 in
1264 4002 1533 4106 regiam
1576 4003 1816 4081 vocari
1837 4006 2192 4101 juberet.’'
2293 4007 2684 4081 Adduaus

706 4126 941 4225 primo
988 4126 1089 4204 ita
1148 4150 1403 4228 negare
1448 4122 1953 4213 inconstanter,
2019 4147 2130 4215 ut,
2199 4150 2420 4225 parvo
2479 4146 2680 4201 metu
