3100 5359
784 690 926 761 ¹44
1437 662 2078 739 T.L1v11

776 866 831 907 ‘⁸
864 882 1036 933 mox
1096 878 1462 933 vocaturos
1520 884 1648 935 vos
1710 856 1988 934 scirem:
2057 860 2154 945 ac,
2233 854 2372 930 illis
2437 855 2722 948 auditis,

782 988 835 1026 ‘⁸
870 977 1049 1053 mihi
1104 980 1566 1051 necestitatern
1599 975 1746 1051 fore
1777 975 2092 1053 dicendi.
2193 978 2402 1079 Qae
2434 975 2730 1075 quidem

780 1105 837 1143 ‘⁶
870 1122 957 1171 eo
987 1094 1339 1171 difficilior
1386 1095 1614 1171 oratio
1659 1095 1816 1179 erit.
1870 1097 2070 1195 quod
2115 1122 2196 1171 ea
2231 1094 2580 1195 postulata
2617 1120 2730 1171 eo·

780 1226 835 1263 ‘⁸
870 1241 1030 1291 rum
1082 1214 1316 1291 futura
1380 1220 1533 1304 fint,
1614 1236 1698 1290 ut
1757 1242 1904 1291 non
1970 1214 2198 1291 solum
2249 1214 2456 1302 nihil,
2533 1212 2736 1313 quod

792 1344 847 1385 ‘⁶
884 1356 1127 1411 contra
1172 1360 1289 1409 rne
1336 1339 1437 1424 fit,
1504 1334 1622 1410 sed
1669 1361 1758 1409 ne
1819 1337 2020 1434 quod
2075 1336 2168 1411 ad
2211 1332 2393 1433 ipsos
2446 1331 2744 1432 quidem

798 1465 851 1501 “
886 1454 1161 1553 proprie
1226 1453 1590 1553 pertineat,
1679 1476 1910 1555 petere
1986 1452 2372 1529 videantur.
2505 1452 2748 1553 Agent

801 1583 851 1622 “
889 1573 1081 1649 enim
1134 1576 1438 1649 cauffam
1497 1573 1890 1649 civitatium
1941 1576 2396 1659 Graecarum,
2455 1576 2526 1647 δε
2574 1572 2750 1648 libe-

794 1704 847 1741 “
882 1691 1015 1769 rari
1058 1718 1169 1767 eas
1218 1692 1457 1769 dicent
1509 1695 1783 1768 debere.
1907 1698 2079 1792 Qo
2141 1690 2542 1789 impetrate,
2625 1690 2746 1766 cui

796 1824 849 1859 ‘⁶
882 1811 1193 1888 dubium
1252 1811 1375 1900 est,
1425 1812 1603 1911 quin
1637 1812 1710 1885 &
1743 1838 1786 1887 a
1815 1810 2022 1887 nobis
2079 1808 2378 1886 aversuri
2429 1814 2561 1886 sint
2603 1836 2750 1885 non

795 1942 847 1977 “
880 1958 993 2007 eas
1066 1932 1287 2006 modo
1349 1930 1688 2018 civitates,
1773 1956 1956 2029 quae
2039 1930 2550 2017 liberabuntur,
2635 1928 2754 2004 sed

798 2062 851 2099 “
882 2050 1096 2127 etiarn
1142 2072 1409 2125 veteres
1460 2048 1936 2149 stipendiarias
1983 2048 2286 2136 nostran
2355 2048 2476 2147 ipfi
2507 2070 2748 2123 autem

800 2180 853 2215 “
888 2190 1085 2245 tanto
1134 2168 1479 2269 obligatos
1534 2170 1883 2243 beneficio
1912 2171 2128 2244 verbo
2179 2167 2427 2257 socios,
2482 2192 2557 2242 re
2587 2192 2752 2243 vera

803 2298 854 2334 “
892 2288 1230 2385 subjectos
1296 2288 1598 2387 irnperio
1653 2292 1722 2365 ὅτ
1777 2286 2127 2363 obnoxios
2191 2286 2500 2363 habituri
2563 2290 2752 2362 fint?

803 2416 860 2454 ‘⁸
900 2411 1023 2497 Et,
1090 2411 1169 2505 (fi
1204 2406 1365 2483 Diis
1398 2408 1654 2505 placet)
1713 2432 1945 2506 quum
1989 2409 2111 2483 has
2163 2427 2392 2483 tantas
2425 2418 2596 2506 o'pes
2625 2408 2756 2483 ad-

804 2535 859 2573 “
894 2526 1282 2613 sectabunt,
1316 2524 1870 2615 diffirnulabunt,
1895 2527 2040 2600 ulla
2063 2546 2254 2627 parte
2281 2526 2360 2602 id
2381 2528 2475 2603 ad
2503 2524 2572 2601 se
2593 2550 2759 2625 per-

806 2655 858 2691 “
894 2644 1161 2719 tinere:
1228 2668 1355 2719 vos
1417 2646 1638 2720 modo
1699 2644 1778 2720 id
1835 2646 2110 2733 decere,
2189 2650 2259 2721 ὅτ.
2331 2644 2758 2721 conveniens

806 2776 861 2813 ‘⁸
894 2765 1031 2839 effe
1078 2761 1464 2852 antefactis,
1516 2764 1781 2841 dicent.
1867 2766 2074 2841 Haec
2125 2790 2250 2841 vos
2309 2790 2398 2839 ne
2451 2763 2760 2864 decipiat

812 2894 865 2929 ‘⁴
902 2882 1149 2971 oratio,
1174 2881 1697 2979 providendum
1717 2882 1920 2960 vobis
1943 2882 2119 2974 erit3
2149 2908 2325 2959 neve
2355 2910 2500 2961 non
2529 2884 2760 2960 solum

814 3010 869 3051 “
919 3001 1375 3101 inaequaliter
1404 3003 1580 3077 alios
1625 3002 1932 3079 nimium
1987 3003 2396 3103 deprimatis
2436 3030 2528 3081 ex
2557 3002 2762 3080 sociis

812 3134 865 3167 “
896 3122 1160 3211 vestriS‚
1240 3122 1413 3197 alios
1454 3143 1746 3220 praeter
1816 3125 2116 3199 modum
2171 3124 2519 3201 extollatis
2551 3157 2578 3212 5
2637 3122 2760 3199 sed

816 3254 866 3289 “
900 3242 1137 3333 etiam,
1182 3268 1297 3331 ne,
1353 3240 1479 3340 qui
1524 3241 1850 3319 adversus
1901 3270 2026 3319 vos
2067 3270 2260 3320 arma
2313 3243 2622 3333 tulerint,
2689 3243 2766 3317 in

818 3371 869 3407 ‘⁸
904 3362 1191 3437 meliore
1240 3362 1416 3437 statu
1466 3364 1622 3451 fint,
1669 3388 1888 3461 quam
1931 3361 2098 3440 socii
2141 3368 2206 3439 δι
2267 3362 2480 3439 amici
2527 3363 2760 3439 vestri.

817 3492 870 3527 ‘⁸
904 3483 1126 3583 Qod
1158 3482 1249 3557 ad
1280 3506 1397 3556 me
1432 3481 1730 3569 adtinet,
1781 3481 1856 3557 in
1885 3482 2036 3557 aliis
2069 3485 2274 3558 rebus
2304 3484 2554 3559 ceffifl'e
2583 3482 2763 3559 intra

820 3611 872 3647 “
908 3602 1123 3675 finem
1144 3598 1323 3697 juris
1349 3599 1493 3675 mei
1524 3598 1820 3676 cuilibet
1847 3600 2071 3677 videri
2102 3602 2372 3693 malim,
2405 3628 2626 3703 quam
2659 3602 2770 3677 ni·

818 3725 875 3765 “
910 3718 1045 3794 mis
1089 3717 1531 3819 pertinaciter
1561 3718 1638 3795 in
1677 3720 2069 3798 obtinendo
2119 3750 2205 3799 eo
2241 3724 2600 3800 tetendifl‘e
2617 3757 2644 3814 3
2688 3722 2766 3797 in

820 3851 873 3887 ‘⁸
906 3839 1285 3917 certamine
1332 3859 1572 3915 autem
1615 3840 1963 3919 amicitiae
2006 3843 2300 3937 nostrae,
2343 3846 2768 3921 benevolen-

816 3970 867 4009 “
896 3960 1053 4037 tiae·
1080 3984 1243 4060 erga
1279 3984 1435 4051 vos,
1487 3960 1798 4051 honoris,
1848 3961 1977 4062 qui
2025 3990 2070 4038 a
2116 3963 2320 4041 vobis
2369 3962 2770 4051 habebitur,

824 4091 877 4129 ‘⁸
910 4078 1205 4159 minime
1230 4104 1461 4183 aequo
1488 4080 1730 4161 animo
1757 4080 1952 4161 vinci
1987 4084 2286 4184 poffum.
2383 4083 2600 4161 Hanc
2633 4110 2771 4185 ego
