3100 5359
803 737 933 808 192
1456 713 2085 786 T.L1vrr

794 893 846 926 “
881 882 1162 982 poffunt
1184 915 1207 971 3
1260 903 1538 959 tantum
1578 883 1909 984 contagio
1948 881 2359 982 disciplinae
2392 883 2755 984 morisque

791 1013 843 1046 “
878 1004 1286 1080 adcolarum
1338 1005 1546 1078 valet.
1644 1004 1819 1078 Hoc
1862 1024 2101 1078 tamen
2152 1001 2455 1079 feliciter
2487 1003 2754 1094 evenit,

794 1133 846 1167 “
882 1125 1108 1221 quod,
1157 1127 1332 1198 ficut
1385 1123 1535 1198 vim
1588 1123 1912 1198 adversus
1957 1150 2085 1198 vos
2130 1149 2613 1222 nequaquam,
2662 1123 2757 1199 ita

793 1254 843 1287 ‘⁶
879 1241 1141 1318 famam
1185 1245 1378 1342 apud
1421 1247 1728 1318 Graecos
1766 1269 2006 1341 parem
2050 1243 2150 1317 illi
2196 1244 2528 1343 antiquae
2565 1243 2753 1320 obti-

789 1375 841 1409 “
879 1381 1074 1450 nent,
1161 1389 1334 1438 cum
1397 1389 1542 1462 qua
1598 1387 1987 1452 venerunt3
2072 1363 2386 1462 bellique
2444 1365 2745 1464 gloriam

793 1493 844 1526 “
880 1481 1174 1558 victores
1209 1484 1532 1558 eamdem
1556 1483 1737 1558 inter
1769 1482 1991 1558 socios
2024 1484 2399 1574 habebitis,
2446 1509 2667 1583 quam
2710 1487 2756 1558 fi

794 1613 846 1646 “
880 1602 1222 1679 servantes
1259 1599 1639 1702 antiquum
1668 1602 2022 1704 specimen
2056 1603 2461 1680 animorum
2508 1605 2755 1679 Gallos

795 1733 845 1767 “
880 1723 1282 1799 viciss'etis.”

887 1843 1168 1918 XVIII.
1255 1843 1623 1919 Concione
1678 1843 1980 1933 dimiffa,
2033 1844 2383 1943 mistisque
2424 1845 2518 1919 ad
2554 1845 2748 1941 Epo-

791 1963 1164 2066 sognatum
1216 1962 1486 2062 legatis»,
1546 1963 1673 2064 qui
1719 1991 1907 2040 unus
1952 1991 2042 2040 ex
2086 1966 2345 2065 regulis
2392 1969 2459 2039 &
2498 1964 2571 2038 in
2606 1967 2753 2038 Eu-

787 2083 1018 2161 menis
1065 2082 1378 2158 amicitia
1429 2083 1791 2172 manserat,
1846 2091 1916 2160 &
1963 2107 2327 2186 negaverat
2383 2083 2743 2158 Antiocho

789 2203 1116 2280 adversus
1148 2206 1518 2279 Romanos
1562 2203 1852 2294 auxilia,
1900 2205 2115 2281 castra
2160 2204 2406 2280 movit.
2508 2204 2749 2280 Primo

791 2326 910 2401 die
959 2325 1052 2400 ad
1111 2323 1510 2398 Alandrum
1576 2327 1875 2414 fiumen,
1961 2325 2241 2423 postero
2310 2327 2403 2399 ad
2476 2323 2746 2412 vicum,

789 2471 1008 2546 quem
1039 2465 1296 2518 vocant
1321 2442 1635 2542 Tyscon,
1676 2467 1995 2520 ventum.
2096 2447 2209 2520 Eo
2241 2443 2453 2544 legati
2480 2449 2747 2520 Oroan-

788 2566 1108 2640 densium
1136 2589 1366 2661 quum
1399 2563 1765 2651 veniffent,
1813 2563 2201 2640 amicitiam
2234 2585 2577 2665 petenteS,
2608 2567 2741 2639 du-

785 2705 990 2760 centa
1045 2685 1304 2757 talenta
1347 2683 1433 2758 iis
1485 2684 1649 2758 sunt
1692 2684 2073 2782 imperata,
2126 2683 2743 2784 precantibusque,

787 2825 869 2879 ut
902 2804 1208 2878 domum
1254 2803 1772 2894 renunciarent,
1825 2803 2123 2902 potestas
2164 2806 2367 2880 facta.
2466 2808 2746 2880 Ducere

791 2924 958 3001 inde
1008 2923 1398 3000 exercitum
1433 2923 1679 2999 consul
1712 2927 1803 3000 ad
1838 2925 2295 3000 Plitendum:
2346 2922 2609 3000 deinde
2658 2925 2746 2998 ad

788 3047 1112 3146 Alyattos
1145 3044 1362 3121 castra
1393 3048 1629 3143 polita.
1730 3047 1835 3120 Ec
1874 3044 2053 3120 miffi
2088 3047 2179 3120 ad
2216 3043 2747 3144 Eposognatum

787 3166 1172 3255 redierunt,
1233 3171 1302 3244 &
1352 3163 1565 3266 legati
1618 3191 1787 3241 cum
1847 3165 1984 3240 illis
2032 3164 2269 3264 reguli.
2306 3185 2609 3253 orantes»,
2660 3190 2747 3239 ne

790 3287 1198 3387 Tectosagis
1223 3289 1492 3362 bellum
1523 3283 1831 3360 inferret.
1930 3295 1983 3330 “
2019 3284 2258 3382 Ipsum
2286 3284 2360 3359 in
2388 3311 2546 3358 eam
2581 3311 2749 3384 gen-

791 3418 844 3454 “
879 3429 1026 3483 tem
1061 3406 1330 3482 iturum
1357 3403 1925 3505 Eposognatum,
1968 3403 2625 3503 persuasurumque,
2674 3427 2753 3480 ut

789 3527 1214 3626 “imperata
1269 3525 1594 3601 faciant.”
1728 3528 1912 3600 Data
1962 3525 2169 3600 venia
2226 3526 2497 3624 regulo,
2572 3523 2750 3599 duci

791 3647 958 3724 inde
1005 3645 1351 3722 exercitus
1394 3671 1517 3744 per
1562 3646 1849 3745 Axylon
1890 3650 2143 3743 (quam
2175 3647 2461 3738 vocant)
2494 3665 2752 3720 terram

787 3790 1107 3868 coeptus.
1212 3769 1333 3844 Ab
1369 3791 1440 3840 re
1475 3789 1737 3839 nomen
1772 3766 2007 3840 habet.
2105 3767 2281 3840 Non
2314 3764 2493 3864 ligni
2528 3766 2751 3839 modo

787 3887 1218 3988 quidquam,
1272 3886 1390 3960 sed
1419 3911 1506 3960 ne
1527 3883 1754 3986 spinas
1781 3883 2107 3982 quidem,
2136 3905 2261 3958 aut
2293 3888 2524 3960 ullum
2554 3883 2755 3959 aliud

788 4008 1209 4084 alimentum
1267 4005 1398 4081 fert
1448 4005 1655 4105 ignis·
1756 4004 2308 4081 Fimobubulo
2357 4031 2485 4104 pro
2538 4003 2749 4104 lignis

786 4150 1109 4206 utuntur.
1211 4129 1334 4204 Ad
1361 4128 1771 4214 Cuballum,
1802 4123 2333 4228 Gallograeciae
2362 4125 2745 4212 castellum,
