3100 5359
944 730 1020 803 L
1070 753 1100 802 1
1157 754 1200 803 n
1257 752 1304 802 n
1359 696 1408 803 a
1510 726 1866 805 xxxv1.
2258 754 2353 831 27

385 908 524 993 lae,
573 908 644 979 δι
677 906 771 979 ab
814 902 994 993 aliis,
1045 902 1218 1001 quia
1249 902 1517 979 calidae
1549 929 1774 1003 aquae
1808 902 1884 977 in
1932 902 2088 1003 ipfis
2131 902 2356 991 fauci-

389 1028 528 1102 bus
573 1023 760 1113 sunt,
811 1024 1334 1123 Thermopylae
1383 1026 1585 1099 locus
1626 1026 2043 1123 adpellatur,
2096 1016 2355 1101 nobilis

389 1142 1128 1221 Lacedaemoniorum
1181 1144 1506 1219 adversus
1559 1145 1791 1220 Persas
1845 1165 2071 1221 morte
2130 1143 2356 1245 magis

387 1264 863 1352 memorabili,
915 1288 1134 1363 quam
1161 1290 1424 1365 pugna.

489 1387 691 1460 XVI.
793 1385 1390 1483 Haudquaquam
1425 1383 1577 1482 pari
1622 1405 1780 1459 tum
1824 1384 2065 1459 animo
2099 1382 2355 1459 Antio·

387 1508 594 1595 chus»,
645 1505 828 1580 intra
877 1526 1108 1604 portas
1161 1504 1300 1579 loci
1345 1506 1494 1601 ejus
1537 1504 1771 1579 castris
1804 1503 2066 1603 pofitiS,
2118 1504 2355 1579 muni·

387 1624 709 1701 tionibus
755 1622 1040 1723 insuper
1097 1624 1350 1699 saltum
1402 1623 1835 1723 inpediebat.
1938 1628 2061 1711 Et,
2126 1650 2358 1723 quum

389 1746 664 1845 duplici
695 1747 882 1821 vallo
914 1744 1253 1845 foffaque,
1289 1750 1358 1820 ὅτ
1381 1772 1591 1819 muro
1616 1744 1857 1833 etiam,
1892 1770 2039 1843 qua
2068 1770 2175 1820 res
2200 1743 2357 1843 pos-

391 1869 686 1955 tulabat,
713 1891 804 1941 ex
831 1867 1056 1940 multa
1083 1864 1290 1963 copia
1318 1866 1557 1964 paffim
1568 1865 1967 1961 jacentium
2000 1864 2353 1963 lapidum,

389 1984 850 2087 permuniffet
879 1984 1148 2075 omnia,
1199 1984 1355 2061 satis
1391 1986 1643 2072 fidem,
1681 2010 2083 2083 numquam
2106 2012 2187 2059 ea
2204 1984 2357 2061 vim

392 2110 814 2181 Romanurn
858 2105 1250 2181 exercitum
1296 2104 1679 2193 faciurum,
1732 2108 2027 2181 Aetolos
2060 2132 2151 2181 ex
2184 2132 2359 2205 qua-

391 2248 553 2303 tuor
607 2223 926 2301 millibus
989 2230 1126 2323 (tot
1179 2224 1372 2300 enim
1419 2230 1927 2322 convenerant)
1976 2225 2229 2327 partim
2264 2227 2359 2300 ad
2445 2224 2473 2243 ⁷

393 2348 818 2423 Heracleam
855 2344 1194 2443 praesidio
1225 2345 1717 2436 obtinendam,
1770 2373 1952 2446 quae
1984 2368 2145 2423 ante
2180 2344 2358 2445 ipsas

397 2468 630 2542 fauces
661 2470 881 2564 pofita
917 2466 1042 2555 est,
1095 2465 1354 2565 partim
1395 2469 1765 2566 Hypatam
1800 2466 2049 2555 mittit,
2098 2471 2166 2543 δι
2202 2468 2358 2541 He-

393 2590 688 2663 racleam
722 2581 916 2663 haud
948 2587 1216 2663 dubius
1249 2587 1609 2664 consulem
1642 2592 2254 2689 obpugnaturum,
2286 2590 2357 2663 ὅτ

379 2710 530 2808 jam
588 2707 830 2783 multis
881 2707 1418 2797 nunciantibuS,
1471 2708 1659 2784 circa
1708 2710 2077 2809 Hypatam
2116 2707 2360 2785 omnia

389 2827 700 2905 evastati.
801 2827 1094 2917 Consul,
1147 2830 1620 2927 depopulatus
1674 2828 2165 2928 Hypatensem
2217 2828 2359 2928 pri-

391 2976 542 3041 me,
593 2947 858 3025 deinde
903 2948 1448 3024 Heracleensem
1485 2975 1763 3049 agrum,
1816 2948 2054 3023 inutili
2086 2948 2361 3025 utrobi-

387 3098 536 3172 que
581 3070 849 3145 auxilio
905 3072 1354 3158 Aetolorum,
1407 3068 1484 3144 in
1543 3069 1701 3168 ipfis
1754 3066 2085 3144 faucibus
2136 3094 2359 3169 prope

391 3192 624 3267 fontes
674 3190 1066 3266 calidarum
1119 3214 1465 3290 aquarum
1509 3188 1835 3264 adversus
1869 3214 2111 3288 regem
2142 3188 2363 3263 castra

391 3310 649 3411 posuit.
750 3311 1177 3386 Aetolorum
1237 3329 1577 3409 utraeque
1628 3334 1883 3385 manus
1938 3309 2361 3383 Heracleam

389 3430 528 3507 sese
596 3428 1047 3506 incluserunt.
1176 3428 1655 3517 Antiochum,
1725 3428 1875 3517 cui,
1944 3428 2361 3528 priusquam

395 3551 670 3625 hostem
723 3570 1059 3635 cerneret,
1111 3547 1267 3623 satis
1298 3548 1542 3623 omnia
1574 3548 1978 3649 permunita
2011 3554 2081 3624 δε
2119 3552 2361 3649 praefi-

393 3670 535 3745 diis
568 3668 852 3767 obsepta
880 3668 1331 3758 videbantur,
1383 3668 1599 3743 timor
1630 3668 1892 3743 deinde
1926 3669 2221 3759 inceffit,
2270 3696 2363 3746 ne

391 3814 572 3886 quas
596 3815 724 3888 per
755 3788 1180 3864 inminentia
1197 3789 1378 3889 juga
1406 3790 1615 3863 calles
1647 3788 1993 3863 inveniret
2018 3790 2109 3863 ad
2131 3793 2361 3865 tranfi-

393 3932 554 3985 tum
610 3912 1006 3984 Romanus,
1106 3912 1302 3983 Nam
1353 3912 1422 3982 &
1478 3910 2087 3985 Lacedaemonios
2130 3936 2361 4010 quon-

389 4034 566 4109 dam
615 4032 714 4107 ita
777 4056 822 4105 a
851 4033 1068 4105 Persis
1113 4027 1524 4103 circumitos
1572 4028 1757 4105 fama
1789 4052 1981 4119 erat3
2034 4036 2103 4106 &
2140 4056 2371 4128 nuper,

395 4153 820 4253 Philippum
849 4154 939 4227 ab
969 4148 1216 4227 iisdem
1253 4149 1627 4225 Romanis·
1727 4151 1981 4251 Itaque
2017 4150 2365 4227 nuncium
