3100 5359
836 735 910 810 L
969 761 998 810 1
1064 761 1106 810 B
1163 759 1208 810 Ε
1263 759 1314 809 ιι
1416 731 1848 810 XXXVIII.
2174 761 2317 834 219

325 907 558 987 millia
618 931 932 987 trecenta
981 913 1234 987 decem
1279 911 1356 984 δε
1389 914 1577 986 octo,
1675 909 1941 985 Lustro
1973 908 2313 1006 perfecte,

331 1030 657 1107 consules
693 1030 768 1107 in
796 1031 1194 1131 provincias
1227 1031 1526 1130 profetffi
1554 1031 1739 1106 sunt.

429 1151 831 1227 XXXVII.
930 1152 1205 1228 Hieme
1251 1181 1358 1242 ea,
1413 1178 1561 1253 qua
1605 1153 1779 1228 haec
1808 1153 2091 1226 Romae
2126 1149 2321 1250 gesta

325 1271 514 1360 sunt,
535 1273 628 1346 ad
661 1273 800 1348 Cn.
837 1273 1233 1363 Manlium,
1269 1273 1631 1349 consulem
1667 1273 2013 1371 primum,
2042 1270 2307 1346 deinde

329 1417 462 1490 pro
499 1390 818 1481 consule,
853 1393 1350 1470 hibernantem
1383 1393 1455 1468 in
1479 1397 1668 1482 Afia,
1702 1392 2083 1493 legationes
2102 1391 2318 1467 undi-

331 1539 480 1611 que
503 1538 596 1586 ex
628 1512 967 1587 omnibus
1003 1513 1414 1589 civitatibus
1449 1513 1961 1614 gentibusque,
1998 1539 2182 1612 quae
2216 1512 2320 1589 cis

330 1634 669 1706 Taurum
699 1654 1019 1708 montem
1049 1633 1405 1723 incolunt,
1456 1635 1999 1710 conveniebant.
2110 1636 2207 1710 Et
2232 1655 2321 1708 ut

331 1749 589 1827 clarior
623 1751 1084 1852 nobiliorque
1119 1753 1414 1829 victoria
1447 1755 1797 1830 Romanis
1831 1756 1923 1829 de
1970 1779 2131 1854 rege
2164 1757 2319 1828 An-

329 1873 587 1948 tiocho
615 1871 782 1961 fuit,
845 1899 1064 1970 quam
1101 1875 1192 1948 de
1221 1875 1492 1962 Gallis3
1548 1874 1645 1949 ita
1678 1875 1920 1950 laetior
1939 1873 2141 1949 sociis
2174 1895 2321 1949 erat

331 1995 422 2068 de
452 1993 720 2079 Gallis,
756 2019 973 2091 quam
1009 1995 1098 2067 de
1135 1994 1524 2069 Antiocho·
1626 1993 2098 2070 Tolerabilior
2128 1994 2321 2094 regia

334 2113 634 2188 servitus
656 2111 908 2201 fuerat,
933 2138 1152 2212 quam
1175 2113 1406 2189 feritas
1429 2115 1830 2189 inmanium
1855 2118 2318 2190 barbarorum

335 2232 798 2332 incertusque
833 2232 907 2307 in
939 2233 1089 2308 dies
1124 2256 1365 2323 terror,
1403 2261 1552 2333 quo
1584 2237 1781 2310 velut
1801 2235 2172 2336 tempestas
2199 2261 2318 2310 eos

329 2355 768 2455 populantes
836 2353 1141 2429 inferret.
1242 2357 1520 2454 Itaque,
1571 2377 1654 2430 ut
1705 2356 1971 2456 quibus
2007 2355 2316 2444 libertas,

337 2475 718 2551 Antiocho
767 2474 995 2572 puls0,
1050 2501 1216 2574 pax,
1281 2475 1506 2550 Gallis
1554 2474 1875 2563 domitu,
1931 2476 2095 2549 data
2120 2477 2314 2564 effet,

337 2621 488 2671 non
515 2596 944 2695 gratulatum
974 2597 1198 2669 modo
1225 2615 1584 2686 venerant,
1634 2594 1753 2671 sed
1785 2620 2075 2671 coronas
2104 2595 2321 2670 etiam

334 2741 610 2805 aureas,
663 2741 791 2814 pro
825 2715 961 2790 suis
997 2741 1325 2814 quaeque
1358 2715 1838 2803 facultatibuS,
1892 2716 2316 2790 adtulerant.

337 2839 437 2912 Et
466 2840 562 2912 ab
591 2834 959 2910 Antiocho
990 2835 1232 2936 legati,
1279 2841 1346 2910 &
1382 2838 1471 2911 ab
1507 2837 1662 2936 ipsis
1696 2835 1948 2924 Gallis,
2010 2857 2093 2910 ut
2124 2837 2317 2935 pacis

337 2957 533 3056 leges
553 2955 982 3044 dicerentur,
1006 2961 1074 3030 &
1100 2959 1190 3031 ab
1213 2955 1583 3032 Ariarathe
1608 2983 1768 3056 rege
1789 2958 2311 3056 Cappadocum

333 3097 712 3164 venerunt,
772 3079 864 3150 ad
897 3076 1178 3152 veniam
1211 3079 1622 3175 petendam,
1670 3079 2155 3175 luendamque
2185 3104 2313 3176 pe·

339 3196 560 3274 cunia
611 3223 902 3285 noxam,
960 3198 1162 3296 quod
1213 3197 1495 3272 auxiliis
1529 3197 1978 3272 Antiochum
2000 3197 2319 3294 juvisset.

339 3316 552 3394 Huic
586 3315 912 3392 sexcenta
941 3319 1203 3392 talenta
1231 3317 1502 3418 argenti
1524 3317 1684 3392 sunt
1704 3316 2062 3416 imperata.
2149 3321 2319 3394 Gal-

337 3437 422 3514 lis
453 3436 892 3538 responsum,
958 3461 1190 3536 quum
1227 3439 1591 3512 Eumenes
1624 3463 1746 3513 rex
1780 3436 2095 3527 veniffet,
2159 3461 2321 3516 tum

339 3561 681 3635 daturum
739 3557 829 3633 iis
881 3559 1094 3656 leges.
1218 3557 1644 3633 Civitatium
1706 3557 2101 3658 legationes
2149 3587 2322 3638 cum

343 3679 675 3781 benignis
709 3677 1062 3779 responsis,
1102 3677 1418 3752 laetiores
1453 3678 1667 3754 etiam
1698 3703 1919 3776 quam
1952 3702 2318 3771 venerant,

342 3802 688 3877 dimissae.
791 3798 1142 3875 Antiochi
1177 3797 1388 3898 legati
1422 3797 1807 3898 pecuniam
1842 3799 1917 3874 in
1952 3803 2323 3902 Pamphy-

341 3922 538 4012 liam,
589 3921 1179 4017 frumentumque
1220 3944 1315 3992 ex
1345 3921 1552 4017 pacto
1602 3946 1771 3996 cum
1832 3923 1925 3996 L.
1984 3920 2323 4018 Scipione

342 4042 627 4118 foedere
645 4042 812 4140 juffi
845 4040 1192 4114 advehere
1219 4071 1243 4126 3
1294 4065 1382 4113 eo
1412 4038 1480 4115 se
1520 4067 1693 4116 cum
1720 4039 2035 4117 exercitu
2062 4063 2321 4117 ventu-

345 4187 529 4240 rum.
629 4159 996 4260 Principio
1035 4159 1298 4235 deinde
1356 4161 1565 4251 veris,
1626 4161 1919 4242 lustrato
1964 4159 2312 4251 exercitu,
