3100 5359
774 688 864 759 88
1358 684 1973 759 T.L1vrr

753 854 862 955 „fis
896 856 1051 953 post
1082 854 1235 929 dies
1267 880 1527 954 paucos
1559 855 1776 930 venit.
1877 860 2118 955 Qam
2155 870 2234 927 ut
2267 851 2736 951 exspectatam

776 978 910 1049 effe
958 975 1343 1073 adpareret,
1394 973 1693 1073 profecti
1735 976 2096 1072 extemplo
2137 973 2298 1047 sunt
2339 974 2740 1073 Ephesum,-

772 1116 858 1168 ut
909 1118 1030 1169 aut
1073 1095 1528 1169 decernerent
1579 1094 1806 1169 navali
1850 1094 2254 1182 certamine,
2317 1115 2464 1182 aut,
2517 1098 2564 1168 fi
2609 1096 2734 1169 de-

774 1216 1090 1287 trectaret
1122 1214 1337 1289 hostis
1380 1240 1724 1315 pugnam,
1783 1215 2014 1313 (quod
2058 1213 2452 1313 plurimum
2481 1211 2734 1289 intere-

772 1352 874 1406 rat
927 1335 1033 1406 ad·
1076 1332 1349 1408 animos
1410 1334 1836 1428 civitatium)
1903 1333 2176 1408 timoris
2235 1331 2734 1410 confeffionem

770 1452 1263 1549 exprimerent.
1362 1456 1626 1529 Contra
1677 1452 1914 1528 fauces
1966 1474 2210 1551 portus
2267 1453 2600 1529 instructa
2656 1453 2736 1527 in

771 1571 1075 1646 frontem
1128 1572 1421 1647 navium
1479 1572 1628 1647 acie
1693 1572 1960 1647 stetere.
2071 1573 2456 1673 Postquam
2517 1600 2734 1647 nemo

678 1765 683 1771 .
771 1692 1093 1766 adversus
1126 1691 1299 1780 ibat,
1352 1692 1552 1766 classe
1587 1691 1830 1781 divisa,
1882 1718 2038 1789 pars
2071 1692 2147 1766 in
2173 1692 2311 1767 salo
2345 1693 2438 1767 ad
2470 1692 2732 1767 ostium

772 1833 1014 1909 portus
1067 1811 1141 1886 in
1194 1811 1516 1886 anchoris
1571 1810 1757 1890 stetit
1778 1844 1802 1899 3
1853 1838 2006 1909 pars
2059 1811 2134 1887 in
2188 1834 2438 1887 terram
2471 1811 2734 1888 milites

774 1930 1118 2030 exposuit.
1220 1932 1303 2004 In
1341 1932 1652 2027 eos,jam
1684 1930 2048 2029 ingentem
2081 1934 2412 2029 praedam
2447 1934 2581 2007 late
2609 1934 2730 2008 de-

770 2054 1112 2151 populato
1146 2076 1313 2150 agro
1346 2072 1654 2149 agenteS,
1709 2049 2170 2125 Andronicus
2205 2054 2548 2140 Maced0,
2600 2052 2732 2151 qui

771 2171 848 2245 in
882 2170 1218 2271 praefidio
1255 2168 1513 2267 Ephesi
1547 2190 1716 2256 erat,
1755 2170 1906 2265 jam
1941 2169 2318 2246 moenibus
2352 2172 2730 2271 adpropin-

712 2328 718 2335 -
770 2312 1064 2389 quantes
1098 2290 1544 2389 eruptionem
1580 2288 1772 2376 fecit,
1827 2288 2217 2387 exutosque
2250 2318 2508 2390 magna
2540 2312 2730 2389 parte

767 2412 1063 2509 praedae
1110 2412 1202 2484 ad
1248 2434 1437 2484 mare
1483 2436 1566 2484 ac
1614 2434 1822 2483 naves
1867 2409 2162 2509 redegit.
2261 2410 2551 2486 Postero
2585 2410 2728 2501 die,

766 2530 1032 2605 infidiis
1084 2530 1328 2604 medio
1385 2528 1602 2603 ferme
1639 2528 1809 2603 'viae
1857 2528 2117 2626 positis,
2167 2531 2261 2604 ad
2293 2529 2730 2606 eliciendum

714 2692 723 2705 ·
767 2672 963 2725 extra
1028 2648 1311 2724 moenia
1368 2649 1877 2736 Macedonem,
1949 2650 2265 2724 Romani
2329 2652 2422 2724 ad
2475 2653 2729 2726 urbem

765 2768 1053 2869 agmine
1114 2767 1294 2841 iere:
1370 2767 1564 2855 inde,
1619 2792 1852 2865 quum
1909 2795 1993 2843 ea
2050 2768 2192 2867 ipsa
2245 2769 2569 2868 suspicio,
2639 2798 2728 2846 ne

766 2889 929 2989 quis
982 2888 1229 2975 exiret,
1281 2885 1737 2975 deterruiffet,
1790 2887 2147 2963 redierunt
2186 2892 2280 2962 ad
2327 2917 2578 2965 naves:
2631 2895 2727 2978 δι,-

770 3031 949 3085 terra
978 3006 1295 3105 marique
1329 3004 1772 3105 fugientibus
1818 3028 2170 3083 certamen
2215 3009 2564 3099 hostibus,
2613 3013 2731 3085 Sa-

765 3158 999 3219 mum,
1051 3128 1245 3203 unde
1296 3128 1604 3214 venerat,
1677 3128 1892 3201 claffis
1950 3128 2222 3226 repetit.
2321 3131 2499 3204 Inde
2553 3132 2730 3205 duas

766 3250 1118 3326 sociorum
1171 3247 1279 3322 ex'
1311 3246 1554 3335 Italia,
1591 3248 1767 3321 duas
1826 3246 2151 3322 Rhodias
2204 3248 2514 3324 triremes
2559 3276 2728 3325 cum

766 3368 1117 3469 praefecto
1153 3367 1481 3466 Epicrate
1516 3366 1980 3443 Rhodiorum
2013 3371 2104 3443 ad
2133 3367 2392 3443 fretum
2426 3370 2728 3469 Cephal-

766 3490 990 3565 leniae
1020 3492 1373 3563 tuendum
1403 3510 1676 3588 praetor
1714 3488 1919 3564 mifit.
2021 3488 2364 3565 Infestum
2410 3489 2490 3564 id
2521 3492 2728 3565 latro·

768 3610 960 3686 cinio
1020 3609 1636 3685 Lacedaemonius
1703 3608 2079 3707 Hybristas
2129 3634 2300 3685 cum
2349 3611 2724 3705 juventute

772 3732 1289 3830 Cephallenum
1372 3729 1703 3805 faciebat:
1787 3729 2250 3827 clausumque
2314 3730 2464 3826 jam
2538 3755 2728 3805 mare

771 3850 1285 3927 commeatibus
1313 3848 1570 3925 Italicis
1603 3870 1768 3923 erat.

867 3972 1070 4046 XIV.
1170 3969 1437 4045 Piraeei
1479 3972 1575 4043 L.
1607 3968 1924 4045 Aemilio
1957 3969 2273 4070 Regillo,
2323 3968 2728 4047 succedenti

772 4092 865 4167 ad
908 4092 1149 4167 navale
1201 4088 1610 4188 imperium,
1688 4088 2051 4187 Epicrates
2107 4089 2447 4166 obcurrit.
2545 4088 2722 4192 Qi,
