3100 5359
1080 637 1542 714 Lrnssn
1644 640 1815 715 XL.
2302 665 2447 742 427

474 807 864 885 adventum
891 806 1041 906 ejus
1071 833 1348 899 omnes,
1382 809 1512 908 qui
1547 830 1741 886 extra
1764 809 2031 909 regiam
2063 831 2283 901 erant,
2334 839 2448 888 ce-

467 927 666 1003 lavit.

571 1050 812 1124 LVII.
909 1052 1264 1156 Obpreffit
1309 1049 1528 1149 igitur
1578 1049 2083 1149 necopinantes
2142 1048 2448 1150 ignaros-

477 1193 624 1267 que
667 1193 916 1244 ornnes
975 1169 1286 1258 Perseus,
1364 1174 1433 1244 8τ
1493 1195 1796 1270 regnum
1862 1169 2111 1245 scelere
2169 1192 2451 1270 parturn

480 1289 748 1364 invafit.
836 1291 1368 1388 Peropportuna
1405 1315 1595 1364 mors
1629 1289 1947 1390 Philippi
1980 1289 2120 1365 fuit
2151 1290 2241 1364 ad
2276 1289 2453 1364 dila-

479 1408 778 1499 tionem,
806 1408 881 1482 &
906 1411 998 1487 ad
1027 1407 1206 1484 vires'
1233 1412 1420 1486 bello
1441 1413 1975 1486 contrahendas.
2075 1413 2269 1484 Nam
2295 1408 2454 1506 post

479 1529 722 1628 paucis
775 1529 1030 1612 diebus
1081 1555 1256 1628 gens
1310 1530 1821 1620 Bastarnarum,
1884 1530 2013 1606 diu
2063 1528 2453 1618 sollicitata,

481 1654 573 1727 ab
605 1649 742 1726 suis
774 1649 1059 1725 sedibus
1083 1675 1341 1749 magna
1365 1648 1695 1747 peditum
1722 1649 2203 1747 equitumque
2234 1675 2451 1724 manu

487 1770 743 1846 Istrum
796 1769 1086 1864 trajecit.
1189 1771 1366 1843 Inde
1401 1773 1821 1869 praegreffiS,
1874 1768 2003 1867 qui
2038 1767 2459 1843 nunciarent

483 1889 662 1989 regi,
715 1889 1089 1988 Antigono
1124 1893 1189 1962 &
1228 1889 1520 1963 Cottoni
1569 1888 1858 1986 (nobilis
1902 1909 2045 1964 erat
2098 1887 2458 1977 Bastarna3

488 2012 557 2084 &
598 1995 1430 2108 Antigonusperinvitus
1464 2035 1636 2084 cum
1672 2008 1820 2108 ipso
1848 2013 2161 2084 ,Cottone
2190 2009 2459 2107 legatus

484 2130 579 2204 ad
605 2128 1062 2204 concitandos
1091 2129 1439 2202 Bastarnas
1469 2128 1739 2222 rniffus)
1776 2130 1969 2203 haud
1999 2130 2249 2229 procul
2277 2134 2459 2202 Am-

485 2248 762 2349 phipoli
793 2247 1001 2335 fama,
1040 2247 1210 2322 inde
1236 2247 1409 2322 certi
1447 2247 1704 2323 nuncii·
1727 2250 2220 2338 obcurrerunt,
2270 2275 2461 2324 rnor-

485 2361 700 2444 ‘tuum
759 2369 892 2444 efl‘e
949 2393 1212 2467 regern.
1330 2373 1538 2469 Qae
1605 2393 1712 2442 res
1775 2394 2067 2444 omnem
2133 2368 2459 2444 ordinem

489 2486 756 2564 confilii
808 2486 1137 2563 turbavit.
1209 2489 1701 2586 Compofiturn
1749 2507 1986 2564 autem
2048 2492 2139 2564 fic
2196 2487 2457 2564 fuerat:

486 2611 852 2686 tranfitum
884 2633 1010 2706 per
1041 2607 1426 2682 Thraciam
1459 2625 1701 2682 tutum
1735 2611 1803 2682 ὃ(
1839 2628 2279 2683 commeatus
2306 2605 2462 2682 Bas·

493 2727 706 2803 tarnis
731 2750 816 2802 ut
849 2727 1223 2828 Philippus
1243 2726 1643 2826 praestaret.
1743 2729 1828 2801 Id
1855 2749 1938 2802 ut
1960 2726 2185 2803 facere
2212 2727 2461 2828 poffet,

491 2847 870 2946 regionum
913 2844 1263 2946 principes
1310 2845 1518 2922 donis
1561 2847 1900 2934 coluerat,
1950 2849 2093 2922 fide
2128 2847 2251 2922 sua
2280 2847 2463 2924 obli-

495 2987 680 3067 gata,
713 2987 964 3065 pacato
993 2964 1277 3066 agmine
1297 2969 1693 3040 tranfituros
1718 2966 2091 3043 Bastarnas,
2194 2970 2465 3044 Darda·

495 3112 755 3163 norum
807 3106 1097 3186 gentem
1143 3086 1374 3160 delere
1407 3089 1843 3184 propositum
1868 3107 2039 3176 erat,
2091 3085 2313 3185 inque
2345 3113 2465 3162 eo-

495 3231 660 3282 rum
709 3232 881 3306 agro
925 3205 1120 3282 sedes
1170 3205 1466 3281 fundare
1503 3205 1865 3280 Bastarnis.
1967 3208 2261 3304 Duplex
2294 3207 2463 3282 inde

499 3343 642 3402 erat
705 3327 1176 3402 commodum
1240 3323 1593 3413 futurum,
1654 3327 1700 3398 fi
1767 3327 1836 3399 &
1901 3324 2241 3414 Dardani,
2292 3353 2465 3428 gens

499 3444 770 3544 semper
821 3444 1248 3520 infestiflima
1308 3443 1809 3533 Macedoniae,
1888 3443 2467 3546 temporibusque

500 3564 768 3665 iniquis
798 3589 1050 3665 regum
1081 3562 1464 3653 inminens,
1516 3566 1907 3652 tolleretur-3
1960 3565 2035 3638 δι
2080 3566 2468 3658 Bastarnae,

504 3683 762 3761 relictis
813 3682 890 3758 in
923 3683 1286 3759 Dardania
1317 3682 1745 3784 conjugibus
1763 3683 2167 3784 liberisque,
2218 3688 2309 3760 ad
2341 3713 2467 3786 po-

504 3805 889 3904 pulandam
941 3803 1216 3880 Italiam
1267 3806 1535 3904 poffent
1578 3803 1790 3880 mitti.
1890 3816 1941 3850 ‘⁶
1978 3808 2113 3880 Per
2161 3804 2471 3880 Scordis-

505 3935 558 3971 “
595 3952 716 4002 cos
768 3925 898 4000 iter
945 3923 1079 3999 esse
1133 3926 1223 4000 ad
1261 3950 1450 4001 mare
1489 3923 1992 4000 Hadriaticum
2026 3923 2467 4022 Italiamque.

506 4055 558 4092 “
595 4044 760 4123 Alia
810 4043 926 4121 via
957 4043 1232 4120 traduci
1278 4044 1673 4121 exercitum
1726 4070 1870 4119 non
1922 4045 2134 4142 poffe·
2234 4040 2469 4118 Facile
