3100 5359
1042 684 1514 785 Linea
1618 682 1786 757 XL.
2277 704 2420 781 359

444 867 495 903 “
532 855 847 956 denique
869 862 1425 955 praeceptorum
1450 852 1952 954 quae‚vereor,'
1965 882 2052 930 ne
2073 880 2250 931 vana
2270 855 2346 931 su
2355 880 2419 930 r-

449 988 503 1021 “
540 974 653 1051 dis
670 976 961 1052 auribus
986 976 1389 1053 cecinerim.
1442 976 1746 1079 Qoties
1767 1002 1930 1075 egn,
1961 974 2417 1051 audientibus

448 1108 503 1142 “
538 1096 771 1185 vobis,
807 1096 1183 1171 detestatus
1203 1100 1528 1195 exempla
1552 1094 2062 1171 discordiarum
2091 1096 2414 1170 fraterna·

453 1228 505 1261 “
538 1240 727 1305 rum,
778 1216 1167 1293 horrendos
1222 1240 1513 1293 eventus
1559 1240 1806 1293 eorum
1863 1216 2096 1303 retuli,
2149 1216 2417 1313 quibus

452 1348 505 1383 ‘⁶
540 1336 609 1412 se
656 1336 1089 1436 stirpemque
1144 1336 1367 1425 suam,
1430 1339 1711 1426 domos,
1789 1362 2029 1438 regna,
2093 1335 2419 1411 funditus

452 1468 505 1503 “
542 1452 989 1532 evertissent?
1090 1458 1401 1533 Meliora
1427 1482 1720 1557 quoque
1747 1460 2071 1555 exempla
2098 1452 2292 1554 parte
2323 1458 2418 1531 al-

454 1590 509 1627 ‘⁸
544 1598 689 1653 tera
718 1574 967 1676 posui3
1018 1574 1423 1652 sociabilem
1456 1577 1970 1653 consortionem
2003 1578 2182 1651 inter
2215 1577 2422 1653 binos

452 1708 503 1741 “
542 1696 1277 1772 Lacedaemoniorum
1334 1720 1557 1797 reges,
1605 1697 1966 1773 salutarem
2021 1723 2146 1796 per
2198 1699 2424 1771 multa

455 1828 509 1863 “
545 1816 777 1893 secula
830 1815 985 1915 ipfis
1044 1815 1477 1916 patriaeque.
1613 1816 1966 1895 Eamdem
2033 1817 2422 1905 civitatem,

456 1947 509 1981 ‘⁶
546 1936 925 2036 postquam
968 1960 1125 2011 mos
1168 1936 1293 2011 fibi
1331 1936 1597 2035 cuique
1625 1937 1942 2035 rapiendi
1979 1936 2422 2035 tyrannidem

456 2066 511 2101 ‘⁶
547 2077 831 2130 exortus
878 2060 982 2144 fit,
1033 2054 1358 2131 eversam.
1456 2060 1619 2151 Jam
1669 2060 1798 2132 hos
1851 2056 2251 2131 Eumenem
2287 2064 2421 2132 At-

457 2187 511 2221 “
548 2180 917 2276 talumque
964 2176 1227 2265 fratres,
1278 2200 1321 2249 a
1348 2200 1570 2276 quam
1605 2176 1884 2276 exiguis
1916 2180 2151 2265 rebuS,
2203 2200 2422 2275 prope

458 2308 511 2343 ‘⁸
550 2318 633 2371 ut
686 2298 983 2395 puderet
1028 2295 1201 2397 regii
1246 2295 1580 2385 nominis,
1641 2296 1850 2385 mihi,
1915 2295 2304 2383 Antiocho,
2355 2302 2424 2371 δε

458 2428 511 2463 “
550 2416 845 2492 cuilibet
908 2440 1159 2517 regum
1215 2418 1425 2513 hujus
1468 2417 1736 2506 aetatis,
1799 2414 1992 2492 nulla
2049 2440 2122 2491 re
2173 2416 2422 2517 magis,

458 2548 511 2581 “
549 2558 767 2636 quam
820 2536 1121 2611 fraterna
1169 2535 1662 2625 unanimitate,
1725 2558 2026 2636 regnum
2083 2539 2423 2636 aequafi‘e.

457 2670 512 2703 “
550 2656 669 2733 Ne
716 2655 1065 2731 Romanis
1118 2654 1416 2754 quidem
1464 2657 1810 2755 exemplis
1846 2657 2180 2743 abstinui,
2241 2680 2424 2755 quae

462 2788 513 2825 ‘⁴
548 2799 673 2853 aut
697 2776 865 2866 visa,
914 2798 1039 2851 aut
1061 2775 1303 2849 audita
1334 2777 1726 2852 habebam=
1781 2780 1874 2851 T.
1909 2778 1984 2850 δι
2018 2780 2112 2851 L.
2145 2778 2425 2879 Qinc·

461 2907 515 2945 ‘⁸
552 2899 843 2986 tiorum,
896 2896 1025 2995 qui
1061 2898 1327 2971 bellum
1350 2919 1640 2971 mecum
1668 2899 2018 2997 gesserunt
2039 2930 2062 2983 3
2114 2900 2192 2972 P.
2229 2904 2296 2973 δι
2330 2901 2424 2972 L.

462 3031 515 3064 “
548 3018 997 3117 Scipionum,
1032 3018 1161 3116 qui
1212 3017 1660 3091 Antiochum
1707 3015 2166 3103 devicerunt3
2218 3016 2429 3116 patris

466 3150 518 3185 ‘⁴
554 3137 933 3239 patruique
966 3160 1241 3226 eorum,
1274 3134 1582 3236 quorum
1609 3157 2017 3235 perpetuam
2041 3136 2220 3211 vitae
2252 3162 2425 3212 con-

464 3270 517 3305 “
554 3258 867 3334 cordiam
930 3282 1117 3332 mors
1176 3278 1471 3355 quoque
1538 3250 1844 3331 miscuit.
1977 3259 2238 3355 Neque
2299 3280 2424 3333 vos

465 3392 519 3425 ‘⁸
556 3380 841 3454 illorum
875 3380 1123 3466 scelus,
1172 3375 1549 3475 similisque
1583 3376 1817 3451 sceleri
1843 3397 2166 3465 eventus,
2197 3380 2424 3453 deter-

464 3511 515 3544 “
552 3520 701 3573 rere
752 3524 795 3571 a
843 3494 1129 3573 vecordi
1188 3495 1533 3571 discordia
1567 3496 1840 3596 potuitz
1896 3520 2130 3595 neque
2165 3498 2422 3573 horum

460 3631 516 3665 “
554 3624 741 3695 bona
770 3640 996 3703 menS,
1048 3620 1234 3692 bona
1262 3614 1567 3705 fortuna,
1619 3620 1710 3691 ad
1731 3615 2092 3691 sanitatem
2116 3620 2418 3692 flectere.

464 3750 519 3783 ‘⁶
554 3739 741 3813 Vivo
792 3739 867 3811 &
910 3736 1208 3833 spirante
1248 3760 1391 3827 me,
1470 3735 1968 3811 haereditatem
2015 3760 2246 3811 meam
2275 3761 2423 3813 am-

461 3870 517 3905 “
552 3863 651 3935 bo
678 3862 771 3933 ,ἃ
819 3855 935 3957 spe
982 3862 1049 3931 δι
1096 3856 1483 3955 cupiditate
1538 3855 1836 3956 inproba
1881 3857 2207 3931 crevistis.
2311 3861 2422 3933 Eo

462 3990 515 4023 ‘⁴
550 3978 773 4077 usque
800 4002 915 4053 me
945 3977 1179 4051 vivere
1206 3976 1450 4065 vultis,
1500 3974 1758 4065 donec,
1810 3975 2088 4051 alterius
2119 3978 2423 4054 vestrum

460 4110 515 4145 ‘⁸
550 4094 909 4198 superstes,
969 4096 1163 4173 haud
1209 4096 1642 4197 ambiguum
1667 4120 1904 4197 regem
1937 4100 2232 4174 alterum
2267 4120 2424 4175 mea
