<?xml version="1.0" encoding="UTF-8"?>
<!DOCTYPE html PUBLIC "-//W3C//DTD XHTML 1.0 Transitional//EN"
    "http://www.w3.org/TR/xhtml1/DTD/xhtml1-transitional.dtd">
<html xmlns="http://www.w3.org/1999/xhtml" xml:lang="en" lang="en">
 <head>
  <title>
</title>
<meta http-equiv="Content-Type" content="text/html;charset=utf-8" />
  <meta name='ocr-system' content='tesseract 3.04.00' />
  <meta name='ocr-capabilities' content='ocr_page ocr_carea ocr_par ocr_line ocrx_word'/>
</head>
<body>
  <div class='ocr_page' id='page_1' title='image "./tliviipatavinih01homegoog_0013.png"; bbox 0 0 3100 5359; ppageno 0'>
   <div class='ocr_carea' id='block_1_1' title="bbox 907 662 2361 762">
    <p class='ocr_par' dir='ltr' id='par_1_1' title="bbox 907 662 2361 762">
     <span class='ocr_line' id='line_1_1' title="bbox 907 662 2361 762; baseline 0.002 -26"><span class='ocrx_word' id='word_1_1' title='bbox 907 662 1066 737; x_wconf 93' lang='lat' dir='ltr'>L1</span> <span class='ocrx_word' id='word_1_2' title='bbox 1131 686 1368 737; x_wconf 73' lang='lat' dir='ltr'>nnn</span> <span class='ocrx_word' id='word_1_3' title='bbox 1471 664 1826 746; x_wconf 84' lang='lat' dir='ltr'><strong>XXXVI.</strong></span> <span class='ocrx_word' id='word_1_4' title='bbox 2319 688 2361 762; x_wconf 81' lang='lat'><em>5</em></span> 
     </span>
    </p>
   </div>
   <div class='ocr_carea' id='block_1_2' title="bbox 360 830 2361 4188">
    <p class='ocr_par' dir='ltr' id='par_1_2' title="bbox 360 830 2361 4188">
     <span class='ocr_line' id='line_1_2' title="bbox 385 830 2357 933; baseline 0.002 -25"><span class='ocrx_word' id='word_1_5' title='bbox 385 843 440 877; x_wconf 86' lang='lat'><strong>“</strong></span> <span class='ocrx_word' id='word_1_6' title='bbox 477 830 578 909; x_wconf 86' lang='lat' dir='ltr'>ria</span> <span class='ocrx_word' id='word_1_7' title='bbox 609 834 976 913; x_wconf 84' lang='lat' dir='ltr'>dabuntur</span> <span class='ocrx_word' id='word_1_8' title='bbox 1021 834 1113 913; x_wconf 78' lang='lat' dir='ltr'>de</span> <span class='ocrx_word' id='word_1_9' title='bbox 1147 832 1478 931; x_wconf 79' lang='lat' dir='ltr'>pecunia,</span> <span class='ocrx_word' id='word_1_10' title='bbox 1531 857 1872 933; x_wconf 84' lang='lat' dir='ltr'>quantam</span> <span class='ocrx_word' id='word_1_11' title='bbox 1926 833 2201 911; x_wconf 85' lang='lat' dir='ltr'>senatus</span> <span class='ocrx_word' id='word_1_12' title='bbox 2234 838 2357 913; x_wconf 89' lang='lat' dir='ltr'>de-</span> 
     </span>
     <span class='ocr_line' id='line_1_3' title="bbox 385 952 2358 1055; baseline 0.001 -26"><span class='ocrx_word' id='word_1_13' title='bbox 385 964 439 999; x_wconf 83' lang='lat'><strong>“</strong></span> <span class='ocrx_word' id='word_1_14' title='bbox 477 952 793 1029; x_wconf 86' lang='lat' dir='ltr'>creverit.</span> <span class='ocrx_word' id='word_1_15' title='bbox 859 952 1204 1055; x_wconf 85' lang='lat' dir='ltr'>Qisquis</span> <span class='ocrx_word' id='word_1_16' title='bbox 1231 955 1671 1054; x_wconf 82' lang='lat' dir='ltr'>magistratus</span> <span class='ocrx_word' id='word_1_17' title='bbox 1692 980 1809 1029; x_wconf 91' lang='lat' dir='ltr'>eos</span> <span class='ocrx_word' id='word_1_18' title='bbox 1830 958 2037 1033; x_wconf 87' lang='lat' dir='ltr'>ludos</span> <span class='ocrx_word' id='word_1_19' title='bbox 2066 959 2358 1055; x_wconf 87' lang='lat' dir='ltr'>quando</span> 
     </span>
     <span class='ocr_line' id='line_1_4' title="bbox 385 1071 2361 1175; baseline 0.002 -26"><span class='ocrx_word' id='word_1_20' title='bbox 385 1083 438 1119; x_wconf 88' lang='lat'><strong>“</strong></span> <span class='ocrx_word' id='word_1_21' title='bbox 475 1073 752 1172; x_wconf 83' lang='lat' dir='ltr'>ubique</span> <span class='ocrx_word' id='word_1_22' title='bbox 786 1071 988 1163; x_wconf 78' lang='lat' dir='ltr'>faxit,</span> <span class='ocrx_word' id='word_1_23' title='bbox 1037 1074 1116 1151; x_wconf 89' lang='lat' dir='ltr'>hi</span> <span class='ocrx_word' id='word_1_24' title='bbox 1153 1075 1308 1152; x_wconf 90' lang='lat' dir='ltr'>ludi</span> <span class='ocrx_word' id='word_1_25' title='bbox 1343 1078 1528 1151; x_wconf 68' lang='lat' dir='ltr'>recte</span> <span class='ocrx_word' id='word_1_26' title='bbox 1564 1074 1755 1163; x_wconf 64' lang='lat' dir='ltr'>facti,</span> <span class='ocrx_word' id='word_1_27' title='bbox 1809 1077 2139 1175; x_wconf 88' lang='lat' dir='ltr'>donaque</span> <span class='ocrx_word' id='word_1_28' title='bbox 2192 1080 2361 1153; x_wconf 86' lang='lat' dir='ltr'>data</span> 
     </span>
     <span class='ocr_line' id='line_1_5' title="bbox 382 1193 2358 1293; baseline 0.003 -25"><span class='ocrx_word' id='word_1_29' title='bbox 382 1204 435 1241; x_wconf 79' lang='lat'>‘⁸</span> <span class='ocrx_word' id='word_1_30' title='bbox 469 1197 654 1271; x_wconf 61' lang='lat' dir='ltr'>recte</span> <span class='ocrx_word' id='word_1_31' title='bbox 689 1193 964 1271; x_wconf 87' lang='lat' dir='ltr'>sunto.’&#39;</span> <span class='ocrx_word' id='word_1_32' title='bbox 1059 1195 1502 1293; x_wconf 86' lang='lat' dir='ltr'>Supplicatio</span> <span class='ocrx_word' id='word_1_33' title='bbox 1533 1194 1703 1269; x_wconf 88' lang='lat' dir='ltr'>inde</span> <span class='ocrx_word' id='word_1_34' title='bbox 1738 1198 1827 1269; x_wconf 90' lang='lat' dir='ltr'>ab</span> <span class='ocrx_word' id='word_1_35' title='bbox 1862 1198 2149 1273; x_wconf 88' lang='lat' dir='ltr'>duobus</span> <span class='ocrx_word' id='word_1_36' title='bbox 2189 1224 2358 1275; x_wconf 90' lang='lat' dir='ltr'>con-</span> 
     </span>
     <span class='ocr_line' id='line_1_6' title="bbox 381 1314 2357 1413; baseline 0 -20"><span class='ocrx_word' id='word_1_37' title='bbox 381 1314 652 1395; x_wconf 87' lang='lat' dir='ltr'>sulibus</span> <span class='ocrx_word' id='word_1_38' title='bbox 673 1314 906 1393; x_wconf 62' lang='lat' dir='ltr'>edicta</span> <span class='ocrx_word' id='word_1_39' title='bbox 935 1340 1060 1413; x_wconf 93' lang='lat' dir='ltr'>per</span> <span class='ocrx_word' id='word_1_40' title='bbox 1089 1315 1395 1391; x_wconf 86' lang='lat' dir='ltr'>biduum</span> <span class='ocrx_word' id='word_1_41' title='bbox 1423 1314 1585 1391; x_wconf 89' lang='lat' dir='ltr'>fuit.</span> <span class='ocrx_word' id='word_1_42' title='bbox 1647 1315 2076 1392; x_wconf 85' lang='lat' dir='ltr'>Consulibus</span> <span class='ocrx_word' id='word_1_43' title='bbox 2105 1316 2357 1393; x_wconf 89' lang='lat' dir='ltr'>sortitis</span> 
     </span>
     <span class='ocr_line' id='line_1_7' title="bbox 381 1435 2354 1535; baseline -0.002 -20"><span class='ocrx_word' id='word_1_44' title='bbox 381 1436 811 1535; x_wconf 80' lang='lat' dir='ltr'>provincias,</span> <span class='ocrx_word' id='word_1_45' title='bbox 863 1439 1226 1535; x_wconf 83' lang='lat' dir='ltr'>externplo</span> <span class='ocrx_word' id='word_1_46' title='bbox 1253 1442 1319 1511; x_wconf 78' lang='grc' dir='ltr'>ὅτ</span> <span class='ocrx_word' id='word_1_47' title='bbox 1343 1459 1687 1535; x_wconf 86' lang='lat' dir='ltr'>praetores</span> <span class='ocrx_word' id='word_1_48' title='bbox 1714 1435 1932 1511; x_wconf 90' lang='lat' dir='ltr'>sortiti</span> <span class='ocrx_word' id='word_1_49' title='bbox 1955 1435 2136 1513; x_wconf 87' lang='lat' dir='ltr'>sunt.</span> <span class='ocrx_word' id='word_1_50' title='bbox 2238 1442 2354 1515; x_wconf 89' lang='lat' dir='ltr'>M.</span> 
     </span>
     <span class='ocr_line' id='line_1_8' title="bbox 379 1554 2357 1655; baseline 0.002 -25"><span class='ocrx_word' id='word_1_51' title='bbox 379 1557 610 1653; x_wconf 88' lang='lat' dir='ltr'>Junio</span> <span class='ocrx_word' id='word_1_52' title='bbox 631 1560 850 1636; x_wconf 83' lang='lat' dir='ltr'>Bruto</span> <span class='ocrx_word' id='word_1_53' title='bbox 868 1554 1268 1653; x_wconf 66' lang='lat' dir='ltr'>jurisdictio</span> <span class='ocrx_word' id='word_1_54' title='bbox 1295 1580 1595 1655; x_wconf 88' lang='lat' dir='ltr'>utraque</span> <span class='ocrx_word' id='word_1_55' title='bbox 1624 1556 1887 1646; x_wconf 88' lang='lat' dir='ltr'>evenit,</span> <span class='ocrx_word' id='word_1_56' title='bbox 1940 1563 2036 1632; x_wconf 88' lang='lat' dir='ltr'>A.</span> <span class='ocrx_word' id='word_1_57' title='bbox 2089 1561 2357 1634; x_wconf 90' lang='lat' dir='ltr'>Corne-</span> 
     </span>
     <span class='ocr_line' id='line_1_9' title="bbox 377 1678 2356 1781; baseline 0.003 -28"><span class='ocrx_word' id='word_1_58' title='bbox 377 1678 482 1755; x_wconf 91' lang='lat' dir='ltr'>lio</span> <span class='ocrx_word' id='word_1_59' title='bbox 555 1681 1002 1755; x_wconf 84' lang='lat' dir='ltr'>Mammulae</span> <span class='ocrx_word' id='word_1_60' title='bbox 1073 1678 1357 1767; x_wconf 90' lang='lat' dir='ltr'>Bruttii,</span> <span class='ocrx_word' id='word_1_61' title='bbox 1449 1682 1569 1753; x_wconf 90' lang='lat' dir='ltr'>M.</span> <span class='ocrx_word' id='word_1_62' title='bbox 1670 1679 1989 1755; x_wconf 87' lang='lat' dir='ltr'>Aemilio</span> <span class='ocrx_word' id='word_1_63' title='bbox 2066 1681 2356 1781; x_wconf 86' lang='lat' dir='ltr'>Lepido</span> 
     </span>
     <span class='ocr_line' id='line_1_10' title="bbox 379 1798 2356 1900; baseline 0.002 -25"><span class='ocrx_word' id='word_1_64' title='bbox 379 1798 646 1889; x_wconf 85' lang='lat' dir='ltr'>Sicilia,</span> <span class='ocrx_word' id='word_1_65' title='bbox 701 1802 796 1875; x_wconf 91' lang='lat' dir='ltr'>L.</span> <span class='ocrx_word' id='word_1_66' title='bbox 851 1800 1097 1900; x_wconf 89' lang='lat' dir='ltr'>Oppio</span> <span class='ocrx_word' id='word_1_67' title='bbox 1155 1800 1520 1875; x_wconf 84' lang='lat' dir='ltr'>Salinatori</span> <span class='ocrx_word' id='word_1_68' title='bbox 1576 1800 1921 1889; x_wconf 83' lang='lat' dir='ltr'>Sardinia,</span> <span class='ocrx_word' id='word_1_69' title='bbox 1995 1804 2082 1876; x_wconf 92' lang='lat' dir='ltr'>C.</span> <span class='ocrx_word' id='word_1_70' title='bbox 2136 1803 2356 1879; x_wconf 89' lang='lat' dir='ltr'>Livio</span> 
     </span>
     <span class='ocr_line' id='line_1_11' title="bbox 379 1919 2355 2022; baseline 0.001 -25"><span class='ocrx_word' id='word_1_71' title='bbox 379 1920 746 1997; x_wconf 86' lang='lat' dir='ltr'>Salinatori</span> <span class='ocrx_word' id='word_1_72' title='bbox 775 1922 1016 2009; x_wconf 76' lang='lat' dir='ltr'>claffis,</span> <span class='ocrx_word' id='word_1_73' title='bbox 1071 1923 1164 1999; x_wconf 87' lang='lat' dir='ltr'>L.</span> <span class='ocrx_word' id='word_1_74' title='bbox 1189 1920 1508 1998; x_wconf 86' lang='lat' dir='ltr'>Aemilio</span> <span class='ocrx_word' id='word_1_75' title='bbox 1537 1922 1789 1995; x_wconf 87' lang='lat' dir='ltr'>Paullo</span> <span class='ocrx_word' id='word_1_76' title='bbox 1810 1919 2156 2022; x_wconf 87' lang='lat' dir='ltr'>Hispania</span> <span class='ocrx_word' id='word_1_77' title='bbox 2174 1927 2355 1999; x_wconf 90' lang='lat' dir='ltr'>ulte-</span> 
     </span>
     <span class='ocr_line' id='line_1_12' title="bbox 379 2039 2353 2121; baseline 0.001 -3"><span class='ocrx_word' id='word_1_78' title='bbox 379 2041 544 2120; x_wconf 89' lang='lat' dir='ltr'>rior.</span> <span class='ocrx_word' id='word_1_79' title='bbox 663 2039 810 2115; x_wconf 82' lang='lat' dir='ltr'>His</span> <span class='ocrx_word' id='word_1_80' title='bbox 871 2039 969 2114; x_wconf 88' lang='lat' dir='ltr'>ita</span> <span class='ocrx_word' id='word_1_81' title='bbox 1033 2039 1383 2117; x_wconf 82' lang='lat' dir='ltr'>exercitus</span> <span class='ocrx_word' id='word_1_82' title='bbox 1446 2040 1735 2116; x_wconf 85' lang='lat' dir='ltr'>decreti.</span> <span class='ocrx_word' id='word_1_83' title='bbox 1851 2047 1944 2117; x_wconf 91' lang='lat' dir='ltr'>A.</span> <span class='ocrx_word' id='word_1_84' title='bbox 2016 2043 2353 2121; x_wconf 88' lang='lat' dir='ltr'>Cornelio</span> 
     </span>
     <span class='ocr_line' id='line_1_13' title="bbox 375 2158 2355 2258; baseline 0 -21"><span class='ocrx_word' id='word_1_85' title='bbox 375 2162 551 2237; x_wconf 87' lang='lat' dir='ltr'>novi</span> <span class='ocrx_word' id='word_1_86' title='bbox 589 2160 872 2251; x_wconf 77' lang='lat' dir='ltr'>militeS,</span> <span class='ocrx_word' id='word_1_87' title='bbox 923 2158 1296 2258; x_wconf 88' lang='lat' dir='ltr'>conscripti</span> <span class='ocrx_word' id='word_1_88' title='bbox 1322 2160 1548 2258; x_wconf 86' lang='lat' dir='ltr'>priore</span> <span class='ocrx_word' id='word_1_89' title='bbox 1584 2187 1771 2237; x_wconf 89' lang='lat' dir='ltr'>anno</span> <span class='ocrx_word' id='word_1_90' title='bbox 1798 2188 1887 2235; x_wconf 86' lang='lat' dir='ltr'>ex</span> <span class='ocrx_word' id='word_1_91' title='bbox 1916 2160 2355 2239; x_wconf 86' lang='lat' dir='ltr'>senatuscon-</span> 
     </span>
     <span class='ocr_line' id='line_1_14' title="bbox 375 2264 2355 2383; baseline 0.001 -26"><span class='ocrx_word' id='word_1_92' title='bbox 375 2282 560 2357; x_wconf 87' lang='lat' dir='ltr'>sulto</span> <span class='ocrx_word' id='word_1_93' title='bbox 593 2310 635 2357; x_wconf 91' lang='lat' dir='ltr'>a</span> <span class='ocrx_word' id='word_1_94' title='bbox 668 2285 760 2357; x_wconf 91' lang='lat' dir='ltr'>L.</span> <span class='ocrx_word' id='word_1_95' title='bbox 809 2280 1160 2383; x_wconf 68' lang='lat' dir='ltr'>Qinstio</span> <span class='ocrx_word' id='word_1_96' title='bbox 1193 2280 1506 2369; x_wconf 88' lang='lat' dir='ltr'>consule,</span> <span class='ocrx_word' id='word_1_97' title='bbox 1561 2264 1706 2357; x_wconf 76' lang='lat' dir='ltr'>dati</span> <span class='ocrx_word' id='word_1_98' title='bbox 1734 2280 1947 2368; x_wconf 87' lang='lat' dir='ltr'>·sunt;</span> <span class='ocrx_word' id='word_1_99' title='bbox 1988 2282 2355 2382; x_wconf 86' lang='lat' dir='ltr'>juffusque</span> 
     </span>
     <span class='ocr_line' id='line_1_15' title="bbox 375 2400 2353 2501; baseline -0.001 -23"><span class='ocrx_word' id='word_1_100' title='bbox 375 2402 563 2478; x_wconf 89' lang='lat' dir='ltr'>tueri</span> <span class='ocrx_word' id='word_1_101' title='bbox 581 2430 874 2477; x_wconf 92' lang='lat' dir='ltr'>omnem</span> <span class='ocrx_word' id='word_1_102' title='bbox 893 2428 1087 2477; x_wconf 86' lang='lat' dir='ltr'>oram</span> <span class='ocrx_word' id='word_1_103' title='bbox 1113 2400 1298 2477; x_wconf 89' lang='lat' dir='ltr'>circa</span> <span class='ocrx_word' id='word_1_104' title='bbox 1317 2404 1712 2476; x_wconf 87' lang='lat' dir='ltr'>Tarentum</span> <span class='ocrx_word' id='word_1_105' title='bbox 1736 2401 2353 2501; x_wconf 82' lang='lat' dir='ltr'>Brundifiumque.</span> 
     </span>
     <span class='ocr_line' id='line_1_16' title="bbox 377 2518 2355 2622; baseline -0.001 -22"><span class='ocrx_word' id='word_1_106' title='bbox 377 2526 477 2601; x_wconf 91' lang='lat' dir='ltr'>L.</span> <span class='ocrx_word' id='word_1_107' title='bbox 554 2521 872 2597; x_wconf 88' lang='lat' dir='ltr'>Aemilio</span> <span class='ocrx_word' id='word_1_108' title='bbox 955 2524 1206 2597; x_wconf 88' lang='lat' dir='ltr'>Paullo</span> <span class='ocrx_word' id='word_1_109' title='bbox 1287 2518 1362 2595; x_wconf 89' lang='lat' dir='ltr'>in</span> <span class='ocrx_word' id='word_1_110' title='bbox 1447 2522 1851 2597; x_wconf 84' lang='lat' dir='ltr'>ulteriorem</span> <span class='ocrx_word' id='word_1_111' title='bbox 1931 2521 2355 2622; x_wconf 86' lang='lat' dir='ltr'>Hispaniam</span> 
     </span>
     <span class='ocr_line' id='line_1_17' title="bbox 375 2640 2351 2744; baseline 0.002 -25"><span class='ocrx_word' id='word_1_112' title='bbox 375 2666 646 2744; x_wconf 85' lang='lat' dir='ltr'>praeter</span> <span class='ocrx_word' id='word_1_113' title='bbox 695 2668 865 2719; x_wconf 87' lang='lat' dir='ltr'>eum</span> <span class='ocrx_word' id='word_1_114' title='bbox 904 2640 1322 2729; x_wconf 85' lang='lat' dir='ltr'>exercitum,</span> <span class='ocrx_word' id='word_1_115' title='bbox 1375 2668 1594 2739; x_wconf 86' lang='lat' dir='ltr'>quem</span> <span class='ocrx_word' id='word_1_116' title='bbox 1644 2668 1684 2715; x_wconf 92' lang='lat' dir='ltr'>a</span> <span class='ocrx_word' id='word_1_117' title='bbox 1717 2644 1833 2717; x_wconf 92' lang='lat' dir='ltr'>M.</span> <span class='ocrx_word' id='word_1_118' title='bbox 1887 2642 2147 2717; x_wconf 85' lang='lat' dir='ltr'>Fulvio</span> <span class='ocrx_word' id='word_1_119' title='bbox 2190 2671 2351 2742; x_wconf 89' lang='lat' dir='ltr'>pro·</span> 
     </span>
     <span class='ocr_line' id='line_1_18' title="bbox 375 2763 2353 2863; baseline 0.001 -24"><span class='ocrx_word' id='word_1_120' title='bbox 375 2782 694 2863; x_wconf 83' lang='lat' dir='ltr'>praetore</span> <span class='ocrx_word' id='word_1_121' title='bbox 737 2784 1154 2861; x_wconf 85' lang='lat' dir='ltr'>accepturus</span> <span class='ocrx_word' id='word_1_122' title='bbox 1193 2764 1384 2849; x_wconf 66' lang='lat' dir='ltr'>esset,</span> <span class='ocrx_word' id='word_1_123' title='bbox 1436 2764 1804 2837; x_wconf 87' lang='lat' dir='ltr'>decretum</span> <span class='ocrx_word' id='word_1_124' title='bbox 1838 2763 1963 2852; x_wconf 90' lang='lat' dir='ltr'>est,</span> <span class='ocrx_word' id='word_1_125' title='bbox 2018 2784 2099 2838; x_wconf 89' lang='lat' dir='ltr'>ut</span> <span class='ocrx_word' id='word_1_126' title='bbox 2136 2792 2353 2841; x_wconf 87' lang='lat' dir='ltr'>novo-</span> 
     </span>
     <span class='ocr_line' id='line_1_19' title="bbox 375 2882 2353 2971; baseline 0 -10"><span class='ocrx_word' id='word_1_127' title='bbox 375 2910 542 2961; x_wconf 86' lang='lat' dir='ltr'>rum</span> <span class='ocrx_word' id='word_1_128' title='bbox 597 2882 914 2961; x_wconf 87' lang='lat' dir='ltr'>militum</span> <span class='ocrx_word' id='word_1_129' title='bbox 981 2883 1112 2957; x_wconf 87' lang='lat' dir='ltr'>tria</span> <span class='ocrx_word' id='word_1_130' title='bbox 1174 2882 1398 2959; x_wconf 87' lang='lat' dir='ltr'>millia</span> <span class='ocrx_word' id='word_1_131' title='bbox 1455 2882 1775 2971; x_wconf 88' lang='lat' dir='ltr'>duceret,</span> <span class='ocrx_word' id='word_1_132' title='bbox 1862 2887 1929 2957; x_wconf 85' lang='lat'>&amp;</span> <span class='ocrx_word' id='word_1_133' title='bbox 2008 2906 2353 2961; x_wconf 83' lang='lat' dir='ltr'>trecentos</span> 
     </span>
     <span class='ocr_line' id='line_1_20' title="bbox 375 3001 2349 3103; baseline 0.001 -24"><span class='ocrx_word' id='word_1_134' title='bbox 375 3003 693 3103; x_wconf 55' lang='lat' dir='ltr'>equitem</span> <span class='ocrx_word' id='word_1_135' title='bbox 747 3001 844 3076; x_wconf 90' lang='lat' dir='ltr'>ita</span> <span class='ocrx_word' id='word_1_136' title='bbox 875 3025 957 3076; x_wconf 89' lang='lat' dir='ltr'>ut</span> <span class='ocrx_word' id='word_1_137' title='bbox 1003 3002 1076 3077; x_wconf 87' lang='lat' dir='ltr'>in</span> <span class='ocrx_word' id='word_1_138' title='bbox 1133 3002 1218 3079; x_wconf 89' lang='lat' dir='ltr'>iis</span> <span class='ocrx_word' id='word_1_139' title='bbox 1277 3004 1459 3079; x_wconf 85' lang='lat' dir='ltr'>duae</span> <span class='ocrx_word' id='word_1_140' title='bbox 1514 3024 1737 3101; x_wconf 85' lang='lat' dir='ltr'>partes</span> <span class='ocrx_word' id='word_1_141' title='bbox 1785 3001 2054 3080; x_wconf 73' lang='lat' dir='ltr'>socifim</span> <span class='ocrx_word' id='word_1_142' title='bbox 2102 3006 2349 3081; x_wconf 84' lang='lat' dir='ltr'>Latini</span> 
     </span>
     <span class='ocr_line' id='line_1_21' title="bbox 373 3122 2351 3212; baseline 0.001 -12"><span class='ocrx_word' id='word_1_143' title='bbox 373 3123 718 3212; x_wconf 88' lang='lat' dir='ltr'>nominis,</span> <span class='ocrx_word' id='word_1_144' title='bbox 770 3122 973 3201; x_wconf 84' lang='lat' dir='ltr'>tertia</span> <span class='ocrx_word' id='word_1_145' title='bbox 1004 3122 1274 3201; x_wconf 86' lang='lat' dir='ltr'>civium</span> <span class='ocrx_word' id='word_1_146' title='bbox 1325 3126 1819 3205; x_wconf 87' lang='lat' dir='ltr'>Romanorum</span> <span class='ocrx_word' id='word_1_147' title='bbox 1851 3126 2035 3204; x_wconf 81' lang='lat' dir='ltr'>effer.</span> <span class='ocrx_word' id='word_1_148' title='bbox 2146 3128 2351 3201; x_wconf 86' lang='lat' dir='ltr'>Idem</span> 
     </span>
     <span class='ocr_line' id='line_1_22' title="bbox 373 3242 2349 3343; baseline 0 -22"><span class='ocrx_word' id='word_1_149' title='bbox 373 3242 850 3343; x_wconf 83' lang='lat' dir='ltr'>supplementi</span> <span class='ocrx_word' id='word_1_150' title='bbox 914 3246 1005 3320; x_wconf 86' lang='lat' dir='ltr'>ad</span> <span class='ocrx_word' id='word_1_151' title='bbox 1057 3244 1144 3319; x_wconf 92' lang='lat' dir='ltr'>C.</span> <span class='ocrx_word' id='word_1_152' title='bbox 1229 3242 1696 3332; x_wconf 83' lang='lat' dir='ltr'>Flaminium,</span> <span class='ocrx_word' id='word_1_153' title='bbox 1781 3242 1900 3317; x_wconf 90' lang='lat' dir='ltr'>cui</span> <span class='ocrx_word' id='word_1_154' title='bbox 1966 3242 2349 3341; x_wconf 86' lang='lat' dir='ltr'>imperium</span> 
     </span>
     <span class='ocr_line' id='line_1_23' title="bbox 373 3362 2350 3465; baseline 0 -23"><span class='ocrx_word' id='word_1_155' title='bbox 373 3370 912 3465; x_wconf 86' lang='lat' dir='ltr'>prorogabatur,</span> <span class='ocrx_word' id='word_1_156' title='bbox 948 3365 1024 3441; x_wconf 89' lang='lat' dir='ltr'>in</span> <span class='ocrx_word' id='word_1_157' title='bbox 1046 3364 1470 3462; x_wconf 83' lang='lat' dir='ltr'>Hispaniam</span> <span class='ocrx_word' id='word_1_158' title='bbox 1493 3362 1891 3445; x_wconf 83' lang='lat' dir='ltr'>citeriorem</span> <span class='ocrx_word' id='word_1_159' title='bbox 1913 3364 2012 3439; x_wconf 89' lang='lat' dir='ltr'>est</span> <span class='ocrx_word' id='word_1_160' title='bbox 2040 3366 2350 3444; x_wconf 70' lang='lat' dir='ltr'>missum.</span> 
     </span>
     <span class='ocr_line' id='line_1_24' title="bbox 375 3483 2351 3584; baseline 0 -23"><span class='ocrx_word' id='word_1_161' title='bbox 375 3486 496 3562; x_wconf 89' lang='grc' dir='ltr'>Μ.</span> <span class='ocrx_word' id='word_1_162' title='bbox 551 3486 906 3564; x_wconf 85' lang='lat' dir='ltr'>Aemilius</span> <span class='ocrx_word' id='word_1_163' title='bbox 941 3484 1267 3584; x_wconf 84' lang='lat' dir='ltr'>Lepidus</span> <span class='ocrx_word' id='word_1_164' title='bbox 1295 3512 1335 3561; x_wconf 83' lang='lat' dir='ltr'>a</span> <span class='ocrx_word' id='word_1_165' title='bbox 1371 3488 1462 3565; x_wconf 82' lang='lat' dir='ltr'>L.</span> <span class='ocrx_word' id='word_1_166' title='bbox 1501 3484 1805 3573; x_wconf 79' lang='lat' dir='ltr'>Valerio,</span> <span class='ocrx_word' id='word_1_167' title='bbox 1856 3484 1975 3565; x_wconf 87' lang='lat' dir='ltr'>cui</span> <span class='ocrx_word' id='word_1_168' title='bbox 2008 3483 2351 3565; x_wconf 80' lang='lat' dir='ltr'>succeffu-</span> 
     </span>
     <span class='ocr_line' id='line_1_25' title="bbox 371 3604 2348 3707; baseline 0.001 -27"><span class='ocrx_word' id='word_1_169' title='bbox 371 3634 498 3691; x_wconf 84' lang='lat' dir='ltr'>rus</span> <span class='ocrx_word' id='word_1_170' title='bbox 530 3608 724 3695; x_wconf 84' lang='lat' dir='ltr'>effet,</span> <span class='ocrx_word' id='word_1_171' title='bbox 773 3608 974 3681; x_wconf 74' lang='lat' dir='ltr'>simul</span> <span class='ocrx_word' id='word_1_172' title='bbox 997 3604 1434 3703; x_wconf 82' lang='lat' dir='ltr'>provinciam</span> <span class='ocrx_word' id='word_1_173' title='bbox 1459 3604 1999 3703; x_wconf 82' lang='lat' dir='ltr'>exercitumque</span> <span class='ocrx_word' id='word_1_174' title='bbox 2028 3605 2348 3707; x_wconf 85' lang='lat' dir='ltr'>accipere</span> 
     </span>
     <span class='ocr_line' id='line_1_26' title="bbox 360 3724 2348 3826; baseline -0.001 -21"><span class='ocrx_word' id='word_1_175' title='bbox 360 3728 631 3825; x_wconf 84' lang='lat' dir='ltr'>juffus:</span> <span class='ocrx_word' id='word_1_176' title='bbox 684 3730 778 3804; x_wconf 89' lang='lat' dir='ltr'>L.</span> <span class='ocrx_word' id='word_1_177' title='bbox 810 3726 1199 3814; x_wconf 82' lang='lat' dir='ltr'>Valerium,</span> <span class='ocrx_word' id='word_1_178' title='bbox 1254 3730 1299 3799; x_wconf 84' lang='lat' dir='ltr'>fi</span> <span class='ocrx_word' id='word_1_179' title='bbox 1339 3724 1436 3803; x_wconf 86' lang='lat' dir='ltr'>ita</span> <span class='ocrx_word' id='word_1_180' title='bbox 1465 3725 1847 3813; x_wconf 85' lang='lat' dir='ltr'>videretur,</span> <span class='ocrx_word' id='word_1_181' title='bbox 1884 3752 2015 3823; x_wconf 85' lang='lat' dir='ltr'>pro</span> <span class='ocrx_word' id='word_1_182' title='bbox 2036 3750 2348 3826; x_wconf 72' lang='lat' dir='ltr'>praetore</span> 
     </span>
     <span class='ocr_line' id='line_1_27' title="bbox 373 3844 2347 3949; baseline -0.002 -22"><span class='ocrx_word' id='word_1_183' title='bbox 373 3848 452 3927; x_wconf 88' lang='lat' dir='ltr'>in</span> <span class='ocrx_word' id='word_1_184' title='bbox 487 3847 857 3949; x_wconf 83' lang='lat' dir='ltr'>provincia</span> <span class='ocrx_word' id='word_1_185' title='bbox 891 3847 1210 3935; x_wconf 85' lang='lat' dir='ltr'>retinere,</span> <span class='ocrx_word' id='word_1_186' title='bbox 1265 3851 1332 3921; x_wconf 86' lang='lat'>&amp;</span> <span class='ocrx_word' id='word_1_187' title='bbox 1367 3844 1809 3943; x_wconf 83' lang='lat' dir='ltr'>provinciam</span> <span class='ocrx_word' id='word_1_188' title='bbox 1858 3846 1957 3920; x_wconf 89' lang='lat' dir='ltr'>ita</span> <span class='ocrx_word' id='word_1_189' title='bbox 2002 3846 2347 3935; x_wconf 84' lang='lat' dir='ltr'>dividere,</span> 
     </span>
     <span class='ocr_line' id='line_1_28' title="bbox 371 3967 2349 4067; baseline -0.001 -20"><span class='ocrx_word' id='word_1_190' title='bbox 371 3990 459 4047; x_wconf 90' lang='lat' dir='ltr'>ut</span> <span class='ocrx_word' id='word_1_191' title='bbox 490 3994 638 4045; x_wconf 89' lang='lat' dir='ltr'>una</span> <span class='ocrx_word' id='word_1_192' title='bbox 662 3973 752 4043; x_wconf 88' lang='lat' dir='ltr'>ab</span> <span class='ocrx_word' id='word_1_193' title='bbox 789 3967 1188 4067; x_wconf 88' lang='lat' dir='ltr'>Agrigento</span> <span class='ocrx_word' id='word_1_194' title='bbox 1220 3968 1309 4041; x_wconf 87' lang='lat' dir='ltr'>ad</span> <span class='ocrx_word' id='word_1_195' title='bbox 1341 3969 1757 4064; x_wconf 83' lang='lat' dir='ltr'>Pachynum</span> <span class='ocrx_word' id='word_1_196' title='bbox 1802 3968 1993 4053; x_wconf 79' lang='lat' dir='ltr'>effer,</span> <span class='ocrx_word' id='word_1_197' title='bbox 2045 3968 2257 4049; x_wconf 78' lang='lat' dir='ltr'>altera</span> <span class='ocrx_word' id='word_1_198' title='bbox 2306 3994 2349 4049; x_wconf 84' lang='lat' dir='ltr'>a</span> 
     </span>
     <span class='ocr_line' id='line_1_29' title="bbox 375 4086 2339 4188; baseline 0.003 -23"><span class='ocrx_word' id='word_1_199' title='bbox 375 4092 720 4188; x_wconf 83' lang='lat' dir='ltr'>Pachyno</span> <span class='ocrx_word' id='word_1_200' title='bbox 752 4086 1224 4187; x_wconf 85' lang='lat' dir='ltr'>Tyndarium.</span> <span class='ocrx_word' id='word_1_201' title='bbox 1329 4089 1511 4165; x_wconf 86' lang='lat' dir='ltr'>Eam</span> <span class='ocrx_word' id='word_1_202' title='bbox 1547 4086 1975 4169; x_wconf 81' lang='lat' dir='ltr'>maritimam</span> <span class='ocrx_word' id='word_1_203' title='bbox 2010 4114 2205 4169; x_wconf 81' lang='lat' dir='ltr'>oram</span> <span class='ocrx_word' id='word_1_204' title='bbox 2240 4090 2339 4170; x_wconf 91' lang='lat' dir='ltr'>L.</span> 
     </span>
    </p>
   </div>
  </div>
 </body>
</html>
