3100 5359
796 763 933 816 110
1468 742 2096 815 T.L1v11

788 917 1017 1004 classe,
1074 919 1247 990 ficut
1279 916 1367 989 ad
1404 918 1840 991 Panormum
1873 916 2154 1004 fecerat,
2221 914 2502 992 armatis
2540 914 2614 991 in
2669 910 2758 987 li-

787 1055 939 1109 tora
983 1034 1330 1132 expositis,
1379 1056 1558 1110 terra
1608 1034 1927 1134 marique
1982 1036 2186 1109 fimul
2219 1036 2447 1111 hostes
2513 1032 2758 1134 obpri-

782 1180 995 1228 mere.
1095 1156 1319 1255 Qod
1370 1181 1514 1229 non
1548 1180 1811 1228 vanum
1848 1154 1911 1227 ei
1947 1154 2316 1229 confilium
2349 1156 2610 1247 fuifl‘et‚
2649 1161 2751 1251 ni,

780 1299 1009 1372 quum
1056 1273 1220 1369 Teji
1273 1273 1576 1348 facturos
1624 1273 1690 1348 se
1727 1274 2062 1373 imperata
2121 1275 2603 1373 promififfent,
2667 1284 2758 1355 ad

782 1392 1235 1492 accipiendos
1270 1415 1708 1468 commeatus
1736 1394 1967 1492 aptius
2007 1392 2238 1467 visum
2271 1397 2436 1471 effet
2477 1400 2752 1475 Roma-

777 1512 914 1601 nis,
974 1511 1050 1586 in
1084 1536 1252 1587 eum
1286 1534 1605 1612 portum,
1652 1513 1780 1612 qui
1813 1534 1974 1589 ante
2006 1516 2260 1589 urbem
2291 1515 2414 1604 est,
2472 1518 2754 1595 claffetn

773 1635 1071 1707 tranfire.
1176 1632 1555 1708 Dicitur&
1587 1634 1959 1708 Eudamus
1987 1632 2324 1708 Rhodius
2356 1634 2617 1712 vitium
2651 1642 2748 1715 al-

776 1753 993 1829 terius
1012 1774 1256 1853 portus
1290 1752 1687 1842 ostendiffe,
1755 1778 1984 1852 quum
2019 1752 2198 1827 forte
2231 1755 2418 1829 duae
2439 1782 2649 1834 naves
2677 1760 2752 1834 in

771 1896 923 1948 arto
952 1874 1131 1948 ostio
1165 1872 1521 1972 inplicitos
1546 1898 1776 1947 remos
1802 1872 2178 1972 fregissent.
2282 1877 2378 1948 Et
2411 1876 2595 1952 inter
2613 1879 2748 1955 alia

769 1994 850 2069 id
883 2020 1177 2093 quoque
1223 1993 1451 2068 movit
1503 2014 1921 2090 praetorem,
1987 2013 2074 2065 ut
2129 1994 2526 2071 traduceret
2577 1996 2746 2073 elafi-

770 2113 941 2204 sem,
1009 2117 1210 2213 quod
1240 2118 1331 2189 ab
1363 2135 1541 2189 terra
1571 2113 1969 2213 periculum
2025 2134 2196 2200 erat,
2250 2115 2446 2188 haud
2495 2120 2748 2215 procul

768 2234 938 2309 inde
974 2234 1341 2309 Antiocho
1378 2233 1622 2309 stativa
1655 2234 1982 2307 habente.

864 2356 1149 2430 XXIX.
1247 2356 1612 2430 Traducta
1673 2354 1874 2427 claffe
1940 2354 2030 2426 ad
2101 2356 2385 2446 urbem,
2477 2355 2739 2454 ignaris

765 2474 1127 2563 omnibuS,
1164 2478 1401 2573 egreffi
1437 2472 1696 2547 milites
1733 2492 2130 2569 nautaeque
2181 2470 2342 2547 sunt
2393 2477 2484 2551 ad
2530 2504 2732 2553 com-

764 2615 1036 2670 meatus
1071 2599 1140 2668 &
1197 2594 1450 2667 vinum
1498 2592 1810 2667 maxime
1843 2591 2320 2667 dividendum
2367 2593 2442 2669 in
2476 2622 2686 2672 naves
2709 2630 2734 2686 3

764 2739 998 2812 quum
1034 2711 1275 2787 medio
1308 2710 1485 2786 forte
1520 2712 1667 2787 diei
1701 2712 1982 2813 agrestis
2016 2711 2341 2810 quidam,
2397 2718 2488 2789 ad
2547 2744 2742 2816 prae-

763 2856 988 2908 torem
1053 2833 1431 2920 adductus,
1489 2832 1807 2920 nunciat,
1879 2842 1928 2876 “
1967 2834 2266 2907 alterum
2331 2834 2482 2929 jam
2542 2836 2741 2911 diem

763 2965 815 2997 “
851 2954 1131 3028 claffem
1172 2953 1341 3027 stare
1374 2955 1465 3028 ad
1500 2951 1797 3026 insulam
1832 2951 2147 3039 Macrin,
2207 2952 2280 3025 &
2303 2956 2541 3051 paullo
2573 2977 2735 3031 ante

762 3084 815 3117 “
845 3072 1018 3148 visas
1071 3071 1411 3170 quasdam
1466 3071 1764 3159 moveri,
1829 3094 2196 3168 tamquam
2231 3075 2323 3147 ad
2356 3074 2736 3171 profectio-

760 3204 813 3238 “
849 3220 1042 3279 nem,
1101 3195 1381 3267 naves?
1476 3194 1592 3266 Re
1625 3190 1854 3266 subita
1886 3189 2244 3290 perculsus
2297 3213 2572 3292 praetor
2623 3217 2736 3269 tu-

756 3313 1031 3389 bicines
1062 3339 1307 3389 canere
1342 3313 1579 3408 jubet,
1639 3332 1749 3398 ut,
1813 3314 1858 3383 fi
1896 3309 2027 3408 qui
2088 3337 2214 3408 per
2265 3338 2466 3411 agros
2517 3314 2732 3412 palati

758 3436 997 3522 effent,
1044 3433 1385 3508 redirent:
1440 3432 1763 3506 tribunos
1797 3430 1872 3505 in
1910 3435 2160 3506 urbem
2211 3432 2433 3507 mittit
2465 3437 2557 3509 ad
2613 3462 2734 3511 co-

754 3555 1026 3654 gendos
1082 3552 1341 3627 milites
1376 3550 1762 3650 nautasque
1798 3552 1872 3624 in
1909 3578 2140 3626 naves.
2239 3554 2469 3627 Haud
2503 3553 2724 3643 secuS,

754 3698 977 3771 quam
1011 3672 1085 3745 in
1120 3672 1485 3771 repentino
1530 3671 1870 3747 incendio
1917 3693 2038 3746 aut
2070 3692 2276 3769 capta
2327 3677 2527 3760 urbe,
2593 3694 2730 3749 tre-

750 3785 1063 3893 pidatur,
1122 3792 1272 3867 aliis
1306 3792 1383 3867 in
1415 3796 1674 3868 urbem
1705 3792 2154 3868 currentibus
2203 3792 2298 3865 ad
2331 3790 2490 3866 suos
2521 3819 2721 3868 revo-

753 3916 1043 4002 cand05,
1096 3912 1248 3987 aliis
1300 3940 1389 3987 ex
1441 3916 1618 3987 urbe
1671 3938 1881 3986 naves
1935 3911 2138 3986 cursu
2207 3912 2720 4009 repetentibus:

750 4033 1173 4134 incertisque
1219 4033 1648 4109 clamoribus
1688 4033 1986 4131 (quibus
2020 4032 2176 4130 ipsis
2217 4033 2430 4106 tubae
2463 4030 2726 4108 obstre-
2816 4096 2824 4101 .

750 4160 1029 4257 petent)
1076 4154 1371 4231 turbatis
1416 4152 1758 4254 imperiis,
1815 4154 2105 4227 tandem
2151 4151 2578 4227 concursum
2630 4155 2722 4228 ad
