3100 5359
755 733 902 810 354
1427 709 2057 788 T.L1vtt

755 879 1196 982 sanguinem,
1249 881 1657 959 effecerunt.
1756 881 2043 960 Perseus
2098 879 2323 970 enim,
2372 909 2601 980 quum
2646 883 2724 958 in

759 1003 912 1078 dies
937 1001 1162 1102 magis
1183 1023 1496 1078 cerneret
1524 999 1837 1080 favorem
1872 1001 2439 1102 dignitatemque
2462 1007 2725 1080 Deme-

759 1122 872 1198 trii
929 1123 1150 1198 fratris
1201 1122 1398 1222 apud
1447 1123 1945 1200 Macedonum
1978 1121 2521 1204 multitudinem
2550 1125 2725 1202 cres-

757 1269 941 1331 cere,
977 1247 1044 1318 δι
1079 1241 1372 1344 gratiam
1399 1243 1593 1340 apud
1628 1243 2025 1330 Romano&
2075 1242 2199 1324 fibi
2232 1241 2426 1342 spem
2458 1247 2729 1322 nullam

759 1363 958 1462 regni
993 1363 1362 1462 superesse„
1407 1361 1538 1438 nifi
1574 1361 1648 1438 in
1684 1360 1959 1450 scelere,
2010 1383 2225 1452 ratus,
2258 1365 2459 1443 adid
2492 1391 2725 1446 unum

759 1509 1008 1560 omnes
1051 1482 1515 1584 cogitationes
1565 1482 1899 1562 intendit.
1998 1485 2339 1562 Ceterum
2378 1511 2611 1585 quum
2661 1483 2733 1564 se

759 1631 848 1686 ne
899 1605 990 1679 ad
1025 1603 1102 1680 id
1135 1603 1462 1704 quidem,
1497 1607 1701 1704 quod
1732 1603 2061 1684 muliebri
2090 1604 2451 1706 cogitabat
2483 1605 2733 1686 animo

759 1723 916 1802 satis
955 1751 1080 1824 per
1123 1724 1189 1802 se
1233 1725 1557 1802 validum
1589 1726 1927 1813 crederet,
1986 1727 2301 1826 fingulos
2332 1725 2729 1804 amicorum

759 1845 972 1946 patris
1021 1867 1282 1922 tentare
1343 1844 1783 1922 sermonibus
1840 1845 2189 1944 perplexis
2254 1845 2529 1924 institit.
2632 1850 2729 1924 Et

761 1969 994 2066 primo
1047 1965 1346 2064 quidam
1405 1991 1496 2042 ex
1547 1965 1655 2040 his
1706 1964 2279 2066 adspernantium
2332 1969 2469 2044 tale
2512 1967 2725 2066 quid·

759 2113 978 2187 quam
1004 2085 1308 2186 speciem
1327 2087 1827 2184 praebuerunt,
1862 2085 2034 2183 quia
2059 2090 2221 2186 plus
2250 2087 2329 2163 in
2356 2087 2727 2166 Demetrio

759 2207 902 2306 spei
937 2210 1318 2306 ponebant.
1387 2205 1702 2293 Deinde,
1736 2205 2083 2284 crescente
2115 2207 2205 2284 in·
2226 2209 2377 2286 dies
2410 2205 2725 2308 Philippi

761 2327 934 2404 odio
961 2325 1036 2402 in
1063 2329 1460 2414 Romanos,
1505 2325 1625 2402 cui
1656 2325 1943 2402 Perseus
1976 2327 2407 2429 indulgeret,
2458 2332 2723 2406 Deme-

763 2446 936 2524 trius
963 2444 1242 2522 summa
1256 2471 1392 2544 ope
1424 2446 1921 2536 adversaretur,
1952 2447 2451 2548 prospicientes
2482 2449 2727 2526 animo

761 2567 1036 2646 exitum
1071 2565 1336 2642 incauti
1371 2593 1414 2640 a
1445 2565 1690 2642 fraude
1724 2565 2023 2646 fraterna
2034 2569 2353 2665 juvenis,
2384 2571 2723 2666 adjuvan-

763 2689 972 2776 dum,
1051 2687 1256 2785 quod
1319 2683 1647 2762 futurum
1708 2707 1879 2776 erat,
1956 2689 2149 2777 rati,.
2194 2689 2725 2788 fovendamque

763 2807 960 2907 spem
1015 2804 1460 2907 potentioris,
1509 2805 1757 2884 Perseo
1824 2806 1891 2882 se
1956 2809 2379 2908 adjungunt.
2480 2811 2729 2888 Cetera

765 2927 842 3002 in
888 2925 1096 3002 suum
1149 2952 1474 3026 quaeque
1527 2947 1813 3026 tempus
1864 2929 2139 3026 agenda
2182 2929 2543 3004 differunt.
2642 2931 2725 3002 In

765 3047 1148 3149 praesentia
1187 3049 1444 3148 placet,
1494 3047 1695 3124 omni
1734 3074 1869 3147 ope
1910 3047 1991 3134 in,
2026 3051 2393 3126 Romanos
2430 3047 2725 3126 accendi

767 3191 1033 3270 regem,
1085 3166 1474 3268 inpellique
1522 3168 1617 3242 ad
1659 3167 1941 3244 confilia
1984 3167 2179 3256 belli,
2236 3170 2331 3244 ad
2372 3169 2725 3266 quaejam

769 3286 892 3363 sua
920 3287 1164 3388 sponte
1193 3287 1516 3362 animum
1551 3287 1960 3364 inclinaffet.
2058 3287 2317 3374 Simul,
2347 3308 2433 3364 ut
2466 3290 2727 3366 Deme·

769 3409 944 3484 ttius
987 3409 1064 3488 in
1097 3407 1248 3484 dies
1281 3407 1658 3506 suspectior
1688 3409 1881 3496 effet,
1930 3433 2023 3484 ex
2056 3411 2443 3505 composito
2476 3405 2727 3486 sermo-

769 3555 896 3604 nes
941 3530 1035 3604 ad
1085 3528 1506 3628 spretionem
1560 3531 2061 3604 Romanorum
2128 3529 2519 3604 trahebant.
2616 3527 2729 3604 Ibi

770 3675 1002 3750 quum
1033 3649 1154 3724 alii
1187 3675 1418 3726 mores
1447 3649 1857 3725 &instituta
1887 3673 2163 3736 eorum,
2196 3647 2317 3723 alii
2346 3673 2450 3726 res
2482 3648 2734 3747 gestas,

769 3771 890 3846 alii
949 3768 1252 3870 speciem
1305 3769 1516 3869 ip'fius
1566 3759 1789 3857 urbis,
1832 3769 2163 3845 nondum
2196 3789 2567 3846 exornatae
2612 3795 2733 3843 ne-

773 3917 918 3990 que
974 3889 1282 3990 publicis
1341 3915 1577 3988 neque
1644 3887 1925 3988 privatis
1984 3885 2187 3975 locis,
2252 3887 2377 3964 alii
2430 3890 2735 3988 singulos

773 4010 1180 4112 principum
1222 4011 1636 4096 eluderent3
1674 4007 1959 4104 juvenis
1992 4007 2347 4096 incautus,
2380 4009 2458 4084 δε
2496 4033 2734 4086 amore

777 4129 1089 4208 nominis
1141 4129 1488 4218 Romani,
1536 4134 1605 4206 δι
1657 4128 2039 4206 certamine
2072 4127 2397 4206 adversus
2424 4127 2733 4214 fiunem,
