3100 5359
951 654 1028 731 L
1080 678 1110 730 1
1167 678 1210 731 n
1269 678 1313 729 n
1369 678 1418 731 n
1519 654 1882 731 XXXIX.
2256 680 2399 756 343

425 829 838 920 Minucius,
871 832 966 905 L.
1001 828 1326 905 Manlius
1354 829 1735 906 Acidinus.
1838 827 2056 918 Galli,
2100 829 2396 906 redditis

421 951 790 1040 omnibuS‚
827 976 1010 1049 quae
1045 954 1184 1025 fine
1236 951 1657 1049 cujusquam
1714 948 1970 1047 injuria
2011 952 2396 1038 habebant,

421 1072 626 1147 Italia
658 1074 1114 1148 excefl'erunt.

519 1194 686 1267 LV.
786 1191 1080 1291 Legatis
1115 1191 1468 1267 Romanis
1501 1188 1948 1290 Transalpini
1974 1190 2224 1290 populi
2273 1192 2396 1266 be-

414 1309 635 1411 nigne
669 1310 1198 1411 responderunt.
1297 1312 1617 1387 Seniores
1650 1336 1901 1387 eorum
1944 1310 2245 1386 nimiam
2297 1311 2395 1385 le-

418 1430 716 1505 nitatem
767 1431 1020 1531 populi
1062 1430 1379 1507 Romani
1414 1431 1880 1530 castigarum:
1937 1441 1988 1476 “
2024 1432 2250 1533 Qod
2276 1457 2397 1507 eos

417 1560 474 1595 “
509 1550 862 1641 homines,
915 1552 1048 1651 qui
1105 1545 1338 1651 gentis
1389 1551 1647 1648 injussu
1697 1550 1997 1650 profecti
2044 1552 2395 1649 occupare

419 1680 474 1715 “
509 1696 762 1770 agrum
799 1670 1080 1771 imperii
1114 1670 1460 1761 Romani,
1487 1672 1562 1744 ὅτ,
1598 1672 1670 1745 in
1705 1672 1938 1747 alieno
1970 1670 2116 1747 solo
2148 1671 2396 1746 aedifi-

415 1800 470 1835 “
505 1816 662 1867 care
705 1792 1062 1891 oppidum
1115 1791 1350 1868 conati
1381 1796 1534 1881 fint,
1578 1790 1947 1892 inpunitos
1976 1790 2394 1868 dimiserint.

415 1919 471 1955 “
508 1911 850 1987 Debuifl'e
905 1936 1192 2011 gravem
1248 1911 1657 1987 temeritatis
1704 1911 2113 1987 mercedem
2160 1912 2394 1988 statui.

415 2041 472 2076 “
508 2033 737 2132 Qod
796 2058 966 2108 vero
1011 2032 1225 2107 etiam
1282 2032 1406 2107 sua
1444 2030 1927 2122 reddiderint,
1990 2031 2236 2120 vereri,
2300 2057 2393 2106 ne

415 2162 471 2198 “
507 2170 702 2227 tanta
729 2151 1180 2251 indulgentia
1211 2154 1446 2251 plures
1479 2154 1573 2226 ad
1606 2151 1771 2227 talia
1800 2150 2133 2225 audenda
2166 2150 2392 2250 inpel-

417 2280 472 2316 “
505 2272 810 2346 lantur.''
909 2274 1008 2346 Et
1064 2291 1525 2370 exceperunt,
1586 2274 1656 2344 ὅτ
1684 2268 2032 2371 prosecuti
2060 2266 2232 2345 cum
2264 2272 2395 2345 do-

415 2390 534 2466 nis·
572 2392 840 2491 legatos
887 2389 1075 2466 sunt.
1173 2392 1292 2467 M.
1319 2390 1670 2466 Claudius
1704 2388 1975 2479 consul,
2033 2390 2258 2466 Gallis
2301 2416 2395 2467 ex

412 2510 786 2610 provincia
816 2502 1108 2600 exactie,
1158 2510 1491 2589 Istricum
1521 2509 1795 2585 bellum
1850 2509 2083 2585 moliri
2128 2510 2393 2612 coepit,

415 2629 640 2706 literis
659 2632 753 2704 ad
786 2630 1104 2707 senatum
1131 2628 1370 2719 miffis,
1399 2650 1484 2704 ut
1507 2628 1637 2705 fibi
1666 2629 1741 2704 in
1776 2629 2047 2707 Istriam
2068 2632 2393 2708 traduce-

415 2777 492 2827 re
527 2750 842 2851 legiones
867 2750 1130 2826 liceret.
1231 2753 1319 2824 Id
1346 2748 1613 2825 senatui
1642 2749 1931 2849 placuit.
2030 2752 2223 2827 Illud
2240 2750 2393 2851 agi-

415 2874 688 2959 tabant,
747 2870 856 2944 uti
912 2868 1193 2944 colonia
1247 2866 1583 2968 Aquileja
1635 2869 2129 2946 deduceretur.
2228 2874 2393 2948 Nec

414 2990 576 3067 satis
607 2992 992 3080 constabat,
1019 3010 1263 3065 utrum
1298 2988 1666 3079 Latinam,
1692 3014 1783 3064 an
1810 2988 2084 3064 civium
2118 2993 2387 3066 Roma·

417 3138 710 3201 norum,
802 3110 1068 3186 deduci
1129 3112 1456 3209 placeret.
1583 3111 1949 3186 Postremo
2047 3110 2391 3187 Latinam

412 3231 658 3330 potius
709 3230 1065 3307 coloniam
1111 3222 1618 3306 deducendam
1651 3235 1888 3307 Patres
1940 3230 2387 3307 censuerunt.

416 3349 820 3427 Triumviri
848 3350 1061 3425 creati
1091 3348 1252 3425 sunt
1280 3353 1362 3424 P.
1396 3350 1639 3451 Scipio
1673 3353 1949 3441 Nafica,
2004 3354 2091 3429 C.
2126 3348 2391 3429 Flami-

417 3469 612 3560 niuS,
646 3472 741 3547 L.
775 3470 1097 3547 Manlius
1131 3469 1515 3546 Acidinus».
1616 3473 1901 3547 Eodem
1933 3498 2121 3547 anno
2154 3470 2393 3547 Muti-

415 3616 510 3667 na
559 3595 632 3666 &
679 3595 929 3667 Parma
981 3590 1298 3667 coloniae
1348 3593 1850 3667 Romanorum
1894 3590 2169 3667 civium
2223 3590 2387 3667 sunt

418 3711 791 3787 deductae.
892 3709 1071 3786 Bina
1131 3710 1356 3785 millia
1419 3710 1802 3787 hominum
1861 3710 1935 3785 in
1996 3736 2192 3811 agro,
2252 3708 2385 3810 qui

405 3829 744 3933 proxime
805 3833 1168 3929 Bojorum,
1222 3851 1384 3907 ante
1411 3830 1816 3906 Tuscorum
1846 3830 2099 3919 fuerat,
2134 3832 2390 3905 octona

401 3952 656 4052 jugera
698 3956 1016 4041 Parmae,
1067 3952 1290 4051 quina
1314 3950 1649 4026 Mutinae
1694 3970 2140 4049 acceperunt.
2239 3953 2387 4024 De-

421 4074 782 4149 duxerunt
802 4070 1156 4149 triumviri
1190 4074 1308 4148 M.
1340 4069 1699 4147 Aemilius
1732 4069 2085 4169 Lepidus,
2121 4071 2215 4145 T.
2245 4070 2387 4145 Ae-

1307 4212 1453 4311 Ζ5
