3100 5359
691 686 923 785 '338
1451 632 2111 757 T.L1v11'

781 856 1028 935 omnia
1065 855 1253 935 circa
1295 856 1527 932 clausa
1570 855 1911 932 custodiis
1954 855 2297 955 dispofitis
2326 858 2490 945 effe,
2545 882 2764 932 vene-

784 1002 966 1053 num
1005 978 1238 1075 (quod
1264 978 1495 1051 multo
1519 996 1683 1053 ante
1714 996 2202 1077 praeparatum
2226 977 2319 1051 ad
2346 978 2517 1052 tales
2546 979 2767 1053 habe-

783 1100 908 1175 bat
929 1095 1156 1192 casus)
1185 1096 1527 1196 poposcit.
1584 1107 1636 1141 “
1672 1095 2178 1186 Liberemu3,”
2210 1096 2479 1195 inquit,
2505 1106 2561 1141 “
2598 1095 2763 1173 diu-

786 1227 840 1261 “
877 1237 1084 1291 turna
1099 1242 1269 1291 cura
1283 1218 1644 1314 populum
1662 1218 2112 1308 Romanum,
2139 1218 2435 1317 quando
2456 1236 2767 1293 mortem

785 1345 839 1381 “
874 1333 1053 1410 senis
1110 1334 1505 1435 exspectare
1561 1338 1866 1437 longum
1926 1336 2233 1413 censent.
2332 1339 2501 1412 Nec
2566 1362 2768 1436 mag-

787 1464 840 1501 “
877 1480 1070 1543 nam,
1112 1481 1245 1530 nec
1296 1457 1835 1533 memorabilem
1881 1484 1973 1533 ex
2034 1456 2291 1533 inermi
2332 1456 2771 1557 proditoque

788 1584 842 1619 “
879 1573 1324 1651 Flamininus
1345 1576 1713 1653 victoriam
1738 1576 1935 1653 feret.
2035 1579 2286 1653 Mores
2304 1575 2613 1676 quidem
2642 1600 2769 1675 po-

789 1704 843 1741 “
878 1693 1035 1795 puli
1068 1695 1386 1771 Romani
1419 1718 1776 1796 quantum
1806 1695 2263 1787 mutaverint,
2315 1698 2431 1773 vel
2464 1695 2589 1772 hic
2616 1696 2771 1773 dies

791 1826 846 1861 ‘⁸
880 1838 1302 1914 argumento
1353 1816 1506 1891 erit.
1607 1818 1907 1893 Horum
1961 1838 2187 1917 patres
2248 1819 2525 1917 Pyrrho
2590 1816 2767 1917 regi,

793 1944 847 1980 “
882 1934 1064 2009 hosti
1109 1957 1402 2025 armam,
1461 1936 1857 2012 exercitum
1909 1936 1987 2013 in
2018 1937 2221 2013 Italia
2244 1936 2564 2025 habenti,
2618 1957 2705 2011 ut
2726 1963 2769 2011 a

792 2065 848 2102 “
880 2080 1162 2131 veneno
1219 2077 1520 2146 caveret,
1606 2058 2139 2156 praedixerunt.
2270 2056 2384 2131 Hi
2450 2060 2769 2157 legatum

795 2185 849 2221 “
885 2174 1346 2266 consularem,
1395 2176 1526 2274 qui
1578 2180 1827 2253 auctor
1875 2180 2043 2253 effet
2087 2179 2363 2253 Prufiae
2391 2202 2522 2274 per
2546 2176 2771 2255 scelus

795 2304 849 2340 “
883 2294 1268 2371 occidendi
1299 2295 1621 2395 hospitis,
1681 2296 2092 2375 miserunt.''
2190 2293 2617 2372 Exsecratus
2648 2298 2772 2373 de-

795 2414 968 2489 inde
1019 2414 1096 2489 in
1153 2436 1368 2514 caput
1419 2443 1874 2519 regnumque
1918 2420 2221 2505 Prusiae,
2282 2421 2355 2492 δι
2394 2415 2775 2516 hospitales

796 2538 995 2613 Deos
1044 2535 1342 2610 violatae
1394 2540 1486 2613 ab
1541 2563 1630 2612 eo
1686 2537 1858 2612 fidei
1890 2538 2093 2613 testes
2125 2537 2493 2626 invocans,
2550 2562 2773 2637 pocu-

795 2656 952 2730 lum
981 2656 1315 2731 exhaufit.
1415 2655 1572 2733 Hic
1606 2657 1791 2734 vitae
1822 2657 2058 2733 exitus
2090 2656 2232 2733 fuit
2264 2656 2729 2747 Hannibalis.

891 2777 1062 2851 LII.
1159 2774 1571 2872 Scipionem
1624 2780 1695 2851 &
1738 2776 2109 2876 Polybius,
2162 2781 2233 2853 δε
2268 2775 2599 2853 Rutilius
2638 2779 2777 2859 hoc

795 2922 986 2971 anno
1039 2914 1406 2971 mortuum
1450 2894 1791 2972 scribunt.
1892 2900 2055 2996 Ego
2087 2922 2323 2995 neque
2354 2895 2494 2985 his,
2536 2924 2777 2997 neque

800 3013 1085 3093 Valerio
1107 3012 1496 3091 adsentior:
1547 3013 1687 3103 his,
1744 3016 1971 3114 quod,
2012 3015 2419 3095 censoribus
2451 3020 2572 3093 M.
2600 3020 2775 3092 Por-

798 3136 942 3226 cio,
996 3138 1092 3211 L.
1121 3133 1430 3224 Valerio,
1485 3133 1883 3235 principem
1926 3132 2205 3244 senatus
2236 3134 2469 3235 ipsum
2500 3139 2601 3212 L.
2634 3140 2777 3213 Va-

802 3255 1062 3331 lerium
1103 3254 1465 3331 censorem
1497 3256 1765 3330 lectum
1788 3254 2120 3343 inveni03
2149 3281 2383 3355 quum
2408 3256 2783 3356 superiori-

805 3378 946 3453 bus
981 3375 1206 3451 tribus
1239 3374 1471 3451 lustris
1497 3374 1882 3452 Africanus
1914 3374 2189 3451 fuifl'etz
2243 3402 2394 3475 quo
2416 3377 2615 3467 vivo,
2649 3377 2785 3453 nili

811 3516 898 3575 ut
939 3496 1059 3571 ille
1092 3494 1331 3571 senatu
1361 3516 1789 3587 moveretur,
1836 3521 2059 3593 quam
2088 3517 2331 3572 notam
2372 3524 2586 3573 nemo
2630 3524 2785 3573 me·-

807 3614 1074 3692 moriae
1142 3615 1486 3714 prodidit,
1560 3616 1740 3693 alius
1806 3615 2133 3717 princeps
2208 3616 2287 3691 in
2327 3619 2577 3693 locum
2628 3619 2785 3715 ejus

804 3738 1028 3812 lectus
1061 3760 1207 3811 non
1237 3738 1426 3813 effer.
1479 3761 1485 3771 ·
1525 3736 1896 3813 Antiatem
1946 3741 2311 3813 aqurem
2354 3736 2611 3813 refellit
2654 3737 2781 3813 tri-

804 3858 1043 3933 bunus
1093 3856 1321 3956 plebis
1372 3858 1492 3932 M.
1525 3856 1870 3945 Naevius,
1927 3856 2253 3934 adversus
2295 3884 2517 3957 quem
2553 3857 2783 3935 oratio

803 3975 1134 4075 inscripta
1181 3980 1264 4051 P.
1293 3976 1617 4053 Africani
1650 3978 1773 4054 est.
1872 3976 2029 4054 Hic
2064 3978 2381 4055 Naevius
2412 3978 2493 4055 in
2521 3978 2783 4080 magis-

803 4116 1119 4175 tratuum
1151 4096 1348 4173 libris
1381 4096 1482 4175 est
1505 4096 1835 4177 tribunus
1858 4098 2115 4199 plebis,
2165 4102 2249 4176 P.
2280 4099 2620 4191 Claudio,
2674 4102 2781 4177 L.
