3100 5359
811 727 948 800 190
1416 700 2051 776 T.L1v11

801 889 854 924 ‘⁸
889 880 1097 954 Cares
1137 875 1478 952 timeantz
1533 875 1911 964 Romanis,
1965 871 2227 952 Gallici
2266 875 2621 952 tumultus
2642 877 2775 955 ad-

803 1009 854 1042 “
891 997 1130 1086 suetis,
1191 995 1407 1072 etiam
1453 995 1795 1072 vanitates
1842 1017 2047 1072 notae
2082 993 2265 1069 sunt.
2362 996 2595 1070 Semel
2624 995 2772 1094 pri·

797 1129 847 1163 “
884 1144 1010 1194 mo
1050 1123 1415 1216 congreffu
1463 1119 1557 1192 ad
1590 1117 1855 1192 Alliam
1894 1115 2067 1191 olim
2098 1113 2441 1192 fuderunt
2471 1116 2777 1212 majores

798 1249 850 1284 ‘⁶
885 1237 1152 1314 nostros
1183 1269 1202 1310 ε
1251 1263 1344 1312 ex
1374 1262 1464 1312 eo
1495 1257 1815 1334 tempore
1846 1261 1972 1334 per
1999 1235 2345 1310 ducentos
2365 1234 2521 1332 jam
2546 1261 2775 1312 annos

796 1369 848 1404 “
882 1381 1228 1457 pecorum
1281 1357 1356 1431 in
1409 1357 1711 1432 modum
1768 1355 2241 1432 consternatos
2294 1357 2607 1432 caedunt
2656 1355 2774 1432 fu·

795 1489 846 1522 “
881 1498 1246 1578 gantque;
1300 1480 1368 1552 ὅτ
1417 1478 1651 1575 plures
1695 1502 1911 1575 prope
1966 1478 2057 1550 de
2116 1474 2341 1550 Gallis
2392 1475 2775 1576 triumphi,

791 1609 846 1642 “
881 1623 1102 1698 quam
1154 1598 1246 1672 de
1299 1617 1452 1672 toto
1504 1599 1675 1672 orbe
1720 1617 2083 1682 terrarum,
2134 1594 2270 1670 aeti
2322 1594 2501 1674 sunt.
2602 1599 2775 1694 Jam

793 1730 846 1764 “
879 1717 1011 1794 usu
1071 1719 1212 1792 hoc
1265 1715 1647 1816 cognitum
1706 1716 1832 1805 est,
1902 1715 1954 1787 fi
2022 1714 2338 1815 primum
2405 1717 2768 1815 inpetum,

790 1851 843 1884 “
879 1865 1100 1938 quem
1159 1836 1438 1912 fervido
1484 1836 1777 1936 ingenio
1826 1840 1895 1910 &
1952 1862 2161 1912 caeca
2202 1836 2309 1912 ira
2356 1839 2773 1930 effundunt,

793 1970 844 2004 ‘⁴
879 1955 1308 2044 sustinueris,
1335 1959 1575 2031 fluunt
1599 1955 1850 2030 sudore
1883 1956 1956 2028 &
1988 1957 2381 2033 laffitudine
2416 1961 2768 2050 membra,

792 2081 1116 2154 “labant
1165 2104 1398 2154 arma:
1451 2076 1694 2151 mollia
1752 2102 2069 2175 corpora,
2122 2080 2395 2166 molles,
2473 2078 2605 2154 ubi
2666 2079 2769 2156 ira

792 2210 846 2244 “
880 2197 1226 2287 consedit,
1273 2197 1548 2272 animos
1602 2196 1727 2284 sol,
1811 2196 2074 2294 pulvis,
2134 2197 2298 2285 fitis,
2350 2219 2433 2272 ut
2498 2197 2767 2276 ferrum

790 2331 844 2364 “
877 2345 1026 2394 non
1057 2320 1461 2405 admoveas,
1493 2315 1960 2413 prosternunt.
2034 2319 2211 2394 Non
2229 2317 2639 2418 legionibus
2666 2321 2763 2393 le-

791 2452 842 2486 “
881 2439 1128 2541 giones
1185 2462 1437 2514 eorum
1503 2435 1734 2509 solum
1802 2435 2076 2534 experti
2142 2436 2412 2527 sumuS,
2474 2438 2597 2514 sed
2654 2437 2767 2514 vir

790 2571 840 2604 “
878 2585 1066 2634 unus
1097 2583 1268 2634 cum
1301 2556 1456 2632 viro
1501 2555 2064 2656 congrediendo,
2124 2560 2218 2631 T.
2254 2556 2606 2648 Manlius,
2641 2559 2762 2634 M.

787 2692 840 2726 “
879 2678 1226 2766 Valerius,
1297 2697 1653 2775 quantum
1718 2675 2070 2750 Gallicam
2119 2675 2385 2752 rabiem
2438 2678 2759 2754 vinceret

788 2809 841 2844 “
875 2801 1208 2874 Romana
1238 2794 1486 2884 virtus,
1538 2797 1959 2872 docuerunt.
2060 2797 2224 2892 Jam
2269 2799 2387 2872 M.
2434 2796 2761 2872 Manlius

787 2931 842 2966 ‘⁸
877 2943 1067 2994 unus
1109 2914 1396 3016 agmine
1448 2913 1857 2990 scandentes
1894 2915 1971 2990 in
2022 2914 2463 3014 Capitolium
2510 2918 2761 2992 Gallos

787 3051 841 3098 -“
875 3041 1184 3116 detrufit.
1289 3039 1388 3111 Et
1439 3033 1577 3110 illis
1621 3034 2003 3132 majoribus
2056 3033 2303 3110 nostris
2348 3061 2521 3112 cum
2560 3037 2759 3112 haud

786 3170 839 3205 ‘⁸
873 3158 1118 3238 dubiis
1167 3155 1390 3234 Gallis
1441 3155 1518 3232 in
1558 3177 1738 3230 terra
1780 3154 1903 3231 sua
1943 3153 2199 3255 genitis
2232 3180 2339 3230 res
2376 3177 2543 3232 erat.
2642 3157 2759 3232 Hi

783 3290 834 3325 ‘¹
857 3281 1012 3378 jam
1067 3279 1448 3380 degeneres
1511 3275 1675 3351 sunt
1694 3309 1721 3364 3
1814 3273 2054 3364 mixti,
2142 3279 2211 3352 &
2298 3276 2753 3376 Gallograeci

783 3410 838 3446 “
871 3425 1060 3489 vere,
1093 3399 1296 3500 quod
1328 3398 1815 3496 adpellanturt
1868 3399 2041 3472 ficut
2067 3395 2143 3470 in
2170 3393 2501 3496 frugibus
2534 3422 2755 3493 pecu-

784 3531 839 3565 “
873 3518 1258 3618 dibusque‚
1287 3543 1434 3594 non
1467 3537 1747 3592 tanturn
1780 3515 2048 3592 semina
2078 3515 2171 3590 ad
2195 3514 2606 3592 servandam
2640 3515 2751 3591 in-

783 3651 836 3686 “
871 3640 1113 3716 dolern
1159 3640 1418 3726 valent,
1475 3659 1831 3736 quantum
1874 3657 2091 3712 terrae
2122 3635 2508 3735 proprietas
2537 3637 2752 3712 coeli-

783 3771 838 3806 “
873 3786 1046 3860 que,
1096 3758 1228 3834 sub
1261 3783 1411 3856 quo
1443 3759 1758 3846 aluntur,
1782 3777 2037 3834 mutat.
2114 3757 2586 3846 Macedonem
2620 3757 2751 3857 qui

784 3891 838 3926 “
875 3877 1380 3956 Alexandriam
1409 3877 1485 3952 in
1519 3878 1884 3978 Aegypt0,
1918 3875 2047 3976 qui
2081 3875 2476 3952 Seleuciam
2508 3905 2591 3954 ac
2624 3881 2749 3954 Ba-

783 4012 837 4047 “
871 3999 1263 4098 byloniam‚
1321 3999 1597 4099 quique
1631 3997 1797 4074 alias
1825 3996 2077 4098 sparsas
2107 4023 2234 4097 per
2262 4002 2515 4074 orbem
2542 4021 2747 4074 terra-

783 4133 836 4168 “
869 4147 1033 4199 rum
1085 4119 1396 4198 colonias
1451 4121 1745 4209 habent,
1808 4117 1885 4194 in
1936 4121 2173 4219 Syros,
2214 4120 2539 4210 Parthos,
2604 4119 2749 4192 Ae·
