3100 5359
816 738 913 813 90
1524 711 2160 791 T-sztt

914 890 1082 963 XV.
1180 887 1387 963 Nulli
1414 914 1495 963 ea
1512 888 1785 985 placere
1811 886 2192 965 sententia.=
2271 891 2632 967 Eumenes
2649 914 2772 969 m

815 1007 1182 1110 quaesivit,
1240 1019 1291 1053 ⁸⁸
1326 1007 1535 1110 Qid
1552 1008 1896 1085 tandem?
1955 1007 2084 1083 ubi
2117 1008 2446 1085 demersis
2473 1008 2772 1087 navibus

820 1141 873 1175 ⁸⁸
907 1128 1274 1204 frenassent
1305 1129 1600 1204 claustra
1631 1126 1866 1217 maris,
1933 1148 2176 1205 utrum
2209 1128 2429 1205 libera
2459 1128 2583 1205 sua
2609 1128 2774 1207 clas:-

818 1262 873 1313 ⁸⁸
906 1249 975 1325 se
990 1247 1355 1325 abscessuri
1376 1248 1546 1324 inde
1566 1246 1798 1323 forent
1813 1250 1906 1323 ad
1928 1275 2140 1347 opem
2163 1247 2524 1325 ferendam
2545 1248 2776 1338 sociis,

818 1382 871 1421 ‘⁸
904 1392 1383 1469 terroremque
1420 1367 1742 1445 hostibus
1774 1370 2314 1469 praebendum?
2380 1396 2472 1445 an
2519 1368 2776 1447 nihilo-

814 1501 870 1539 ⁸⁸
904 1488 1147 1566 minus
1178 1510 1325 1565 tota
1348 1491 1551 1564 claffe
1584 1510 1874 1589 portum
1907 1488 2294 1565 obsessuri?
2391 1489 2555 1565 Sive
2581 1488 2776 1567 enim

814 1620 867 1657 ⁸⁸
898 1610 1302 1700 abscedant,
1358 1608 1480 1685 cui
1514 1608 1826 1685 dubium
1851 1611 2013 1699 effe,
2043 1609 2224 1709 quin
2253 1610 2486 1687 hostes
2505 1632 2772 1689 extrac-

815 1743 867 1778 ⁸⁸
898 1730 1039 1807 turi
1091 1728 1435 1806 demersas
1464 1731 1688 1806 moles
1720 1727 1879 1820 fint,
1947 1734 2017 1805 8t
2049 1729 2326 1805 minore
2353 1729 2776 1807 molimento

812 1861 866 1899 ⁸⁸
898 1849 1201 1951 aperturi
1236 1870 1550 1949 portum,
1580 1876 1800 1948 quam
1831 1848 2279 1927 obstruatur?
2379 1850 2502 1927 Sin
2536 1872 2776 1927 autem

814 1980 868 2021 ‘⁸
902 1971 1341 2045 manendum
1368 1968 1477 2046 ibi
1510 1968 1978 2045 nihilominus
2020 1970 2130 2059 fit,
2191 1970 2376 2069 quid
2433 1968 2773 2057 adtinere,

813 2102 867 2139 ⁸⁸
900 2089 1140 2168 claudi
1189 2092 1521 2188 portum?
1621 2090 1826 2192 Qin
1883 2111 2151 2179 contra,
2209 2089 2395 2179 illos,
2437 2088 2777 2167 tutiffimo

812 2221 864 2259 ‘⁸
896 2232 1137 2311 portu,
1190 2208 1706 2311 opulentiffimn
1737 2212 1913 2287 urbe
1945 2208 2280 2299 fruenteS,
2323 2209 2571 2311 omnia
2611 2213 2775 2285 Afia

812 2343 865 2381 ‘⁸
899 2335 1302 2433 praebente,
1352 2328 1596 2429 quieta
1657 2328 1917 2405 aestiva
1971 2332 2293 2406 acturos:
2375 2334 2773 2421 Romanos,

807 2464 861 2499 ‘⁸
894 2474 1133 2553 aperto
1166 2451 1241 2525 in
1270 2448 1446 2525 mari
1470 2450 1808 2525 flustibus
1843 2450 2509 2551 tempestatibusque
2537 2453 2773 2549 objec-

810 2583 863 2621 ⁸⁸
896 2595 1033 2662 tos,
1084 2569 1417 2646 omnium
1444 2568 1716 2668 inopes,
1747 2568 1823 2643 in
1847 2572 2114 2645 affidua
2134 2570 2428 2647 statione
2459 2571 2768 2649 futui-ost

811 2704 863 2741 ‘⁸
898 2690 1085 2791 ipsos
1116 2688 1341 2790 magis
1372 2688 1715 2789 adligatos
1749 2689 2271 2791 inpeditosque,
2325 2718 2416 2767 ne
2443 2691 2624 2791 quid
2655 2717 2773 2767 eo-

808 2824 863 2859 “
895 2838 1085 2901 rum,
1148 2836 1333 2910 quae
1364 2811 1640 2909 agenda
1669 2812 1825 2899 fint,
1883 2814 2136 2911 poffint
2165 2838 2402 2912 agere,
2437 2838 2658 2910 quam
2689 2834 2774 2889 ut

811 2946 863 2981 ‘⁸
898 2932 1127 3009 hostes
1170 2928 1439 3006 clausos
1470 2932 1844 3007 habeant?
1943 2932 2346 3021 Eudamus,
2381 2932 2770 3032 praefectus

690 3118 698 3125 .
808 3052 1141 3130 Rhodiae
1184 3052 1427 3139 claffis,
1473 3049 1701 3149 magis
1745 3076 1899 3125 eam
1935 3050 2064 3127 fibi
2097 3052 2464 3152 displicere
2497 3052 2770 3129 senten-

804 3176 979 3251 tiam
1032 3169 1366 3260 ostendit,
1415 3194 1638 3269 quarn
1690 3169 1862 3268 ipse,
1921 3170 2106 3271 quid
2159 3171 2470 3249 censeret
2511 3172 2776 3249 facien-

806 3297 1015 3384 dum,
1078 3289 1292 3367 dixit.
1416 3288 1779 3389 Epicrates
1849 3292 2215 3383 Rhodius,
2283 3304 2336 3339 ⁸⁸
2371 3293 2644 3370 Omissa
2693 3294 2772 3370 in

808 3427 861 3461 ‘⁸
894 3412 1277 3515 praesentia
1328 3410 1639 3508 Epheso,
1707 3411 2131 3489 mittendam
2173 3412 2468 3491 navium
2501 3438 2772 3513 partem

804 3546 860 3580 ‘⁸
894 3533 971 3609 in
1004 3533 1389 3632 Lyciam,'’
1430 3532 1730 3623 censuit,
1777 3544 1828 3578 ‘⁸
1856 3535 1938 3607 &
1973 3537 2240 3624 Patara,
2273 3556 2486 3635 caput
2513 3536 2770 3635 gentis,

806 3666 861 3703 ‘⁸
896 3656 972 3733 in
1006 3652 1408 3731 societatem
1436 3655 1910 3754 adjungenda.
2011 3654 2094 3729 ln
2131 3656 2308 3731 duas
2337 3680 2448 3732 res
2479 3682 2769 3758 megnas

806 3775 971 3851 “id
1000 3774 1165 3850 usui
1215 3775 1396 3851 fore:
1452 3777 1526 3849 δι
1573 3774 1932 3864 Rhodios,
1995 3775 2258 3875 pacatis
2285 3800 2534 3855 contra
2581 3776 2772 3855 insu-

805 3907 860 3945 “
893 3898 1034 3971 lam
1068 3895 1263 3971 suam
1296 3894 1519 3983 terris,
1555 3896 1720 3970 totis
1743 3892 2013 3971 viribus
2047 3896 2462 3973 incumbere
2494 3897 2573 3973 in
2603 3896 2768 3973 uni-

806 4026 861 4061 ⁸⁸
892 4040 979 4090 us
1021 4014 1219 4105 belli,
1286 4017 1489 4114 quod
1516 4013 1844 4091 adversus
1871 4015 2322 4093 Antiochum
2355 4022 2460 4107 fit,
2521 4042 2768 4093 curam

805 4147 859 4183 ⁸⁸
892 4138 1119 4235 posse:
1175 4140 1244 4211 δι
1270 4160 1429 4212 eam
1462 4138 1768 4225 classem,
1835 4136 2118 4235 quaein
2139 4137 2371 4236 Lycia
2404 4162 2764 4238 compara-
