3100 5359
1007 704 1081 779 L
1132 728 1162 776 1
1221 728 1262 777 Β
1320 727 1364 776 Β.
1419 726 1513 776 R·
1571 702 1933 779 XXXIX.
2312 728 2454 805 327

451 894 679 975 atque
713 901 989 966 eorum,
1035 876 1166 975 qui
1198 878 1518 965 aderant,
1556 875 1967 974 inploranti,
2017 878 2200 952 latus
2236 876 2450 952 trans·

453 994 738 1071 fodiffe.

559 1118 839 1191 XLIII.
941 1115 1258 1192 Valerius
1307 1115 1587 1203 Antias,
1653 1136 1737 1189 ut
1788 1114 1915 1214 qui
1966 1142 2097 1191 nec
2152 1116 2443 1192 Catonis

452 1233 853 1311 orationem
884 1236 1179 1335 legiffet,
1242 1241 1308 1309 &
1345 1236 1626 1312 fabulae
1660 1257 1937 1311 tantum
1972 1239 2111 1311 fine
2158 1238 2441 1313 auctore

451 1355 692 1431 editae
717 1355 1140 1445 credidisset,
1175 1356 1372 1431 aIiud
1393 1377 1925 1455 argumentum,
1958 1355 2177 1429 fimile
2204 1376 2442 1431 tamen

451 1475 535 1549 ὅτ
571 1473 874 1551 libidine
907 1476 982 1549 &
1015 1474 1458 1565 crudelitate,
1512 1474 1810 1575 peragit.
1910 1475 2307 1551 Placentiae
2340 1476 2441 1551 fa-

453 1594 730 1671 mosam
752 1594 1154 1684 mulierem‚
1199 1596 1402 1691 cujus
1427 1622 1665 1671 amore
1692 1595 2067 1694 deperiret,
2094 1595 2169 1669 in
2199 1597 2443 1673 convi-

452 1714 664 1791 vium
707 1718 1087 1791 arceffitam
1122 1714 1382 1790 scribit.
1479 1714 1594 1790 Ibi
1614 1716 1997 1812 jactantem
2046 1714 2179 1790 sese
2211 1715 2439 1793 scorto

453 1836 644 1911 inter
675 1857 906 1911 cetera
937 1834 1267 1922 retuliffe,
1303 1860 1522 1933 quam
1556 1834 1807 1910 acriter
1840 1835 2281 1934 quaestiones
2315 1862 2438 1911 ex-

451 1955 810 2045 ercuifl‘et,
843 1959 912 2030 &
945 1982 1166 2055 quam
1197 1956 1462 2029 multos
1495 1954 1745 2053 capitis
1770 1955 2140 2032 damnatos
2174 1956 2251 2029 in
2284 1955 2440 2030 vin-

455 2074 644 2151 culis
671 2078 989 2163 haberet,
1023 2100 1206 2173 quos
1225 2072 1447 2149 securi
1483 2076 1925 2171 percuffurus
1951 2076 2137 2150 effet.
2236 2078 2440 2151 Tum

457 2196 658 2271 illam
689 2194 874 2270 infra
901 2220 1070 2269 eum
1096 2195 1573 2269 adcubantem
1606 2196 1908 2293 negafl‘e,
1958 2220 2311 2294 umquam
2334 2193 2442 2269 vi·

459 2318 636 2391 diffe
690 2339 1134 2414 quemquam
1186 2312 1408 2389 securi
1455 2312 1851 2400 ferientem,
1917 2312 1991 2385 δι
2026 2316 2327 2411 pervelle
2360 2314 2439 2389 id

457 2434 724 2511 videre.
825 2434 982 2509 Hic
1043 2434 1538 2531 indulgentem
1599 2456 2011 2523 amatorem,
2062 2460 2295 2509 unum
2350 2462 2441 2509 ex

459 2554 602 2631 iuis
653 2552 948 2642 miseris,
1022 2552 1293 2627 adtrahi
1349 2552 1649 2649 jussum,
1742 2551 1963 2630 securi
2028 2557 2439 2653 percuffiffe.

459 2676 802 2765 Facinus,
839 2680 974 2751 five
993 2700 1081 2748 eo
1109 2676 1357 2762 modo,
1395 2700 1545 2772 quo
1579 2673 1821 2750 censor
1840 2674 2129 2772 objecit,
2158 2678 2320 2763 five,
2354 2696 2440 2749 ut

461 2796 786 2871 Valerius
851 2793 1088 2881 tradit,
1163 2793 1615 2869 commiffum
1678 2794 1805 2882 est,
1875 2794 2156 2871 saevum
2222 2815 2437 2894 atque

451 2937 662 2991 atrox
679 2920 704 2989 'z
757 2916 938 2989 inter
985 2914 1244 3012 pocula
1285 2935 1500 3010 atque
1543 2914 1813 3011 epulaS,
1846 2914 1990 2991 ,ubi
2024 2914 2240 2989 libare
2276 2915 2439 2990 Diis

459 3037 705 3135 dapes,
739 3036 868 3109 ubi
903 3038 1086 3109 bene
1117 3032 1382 3133 precari
1417 3059 1575 3107 mos
1606 3034 1797 3121 effet,
1833 3034 1925 3106 ad
1960 3031 2437 3130 spectaculum

459 3154 672 3232 scorti
701 3153 1043 3253 procacis,
1079 3152 1166 3227 -in
1201 3156 1348 3225 finu
1379 3152 1683 3228 consulis
1717 3152 2142 3241 recubantiS,
2179 3156 2437 3229 macta-

459 3298 610 3351 tam
661 3278 1050 3349 humanam
1100 3269 1467 3347 victimam
1512 3270 1673 3361 effe,
1720 3274 1795 3344 ὅτ,
1840 3298 2087 3347 cruore
2120 3272 2434 3351 mensam

459 3394 852 3494 respersam.
975 3394 1060 3466 In
1093 3412 1408 3466 extrema
1439 3391 1751 3467 oratione
1788 3392 2079 3467 Catonis
2112 3392 2435 3469 conditio

458 3513 812 3617 Qinfflo
845 3511 1088 3599 fertur,
1109 3533 1218 3599 ut,
1241 3514 1287 3584 fi
1322 3512 1400 3585 id
1433 3509 1700 3585 factum
1729 3533 2039 3611 negaret,
2063 3534 2433 3613 ceteraque

460 3660 646 3734 quae
679 3630 1064 3729 objecisset,
1127 3629 1491 3728 sponsione
1532 3628 1944 3706 defenderet
1977 3630 2155 3707 sese:
2208 3636 2306 3707 fin
2333 3633 2432 3707 fa·
2551 3618 2562 3628 ’

461 3774 750 3841 teretur,
811 3750 1297 3851 ignominiane
1358 3751 1478 3825 sua
1531 3777 1971 3851 quemquam
2037 3751 2428 3827 doliturum

461 3872 798 3960 censeret,
855 3898 1091 3971 quum
1119 3869 1288 3970 ipse,
1341 3870 1512 3944 vino
1570 3874 1637 3943 &
1676 3872 1949 3945 Venere
1982 3897 2249 3964 amens,
2284 3871 2431 3947 san-

459 3993 686 4095 guine
719 3991 1030 4069 hominis
1056 3990 1133 4067 in
1163 3989 1496 4067 convivio
1527 3986 1836 4067 lufifl'et?

1353 4112 1430 4185 Y
1464 4134 1506 4215 ⁵
