3100 5359
990 727 1456 808 Lunna
1559 727 1733 804 XL.
2220 753 2360 824 401

379 903 575 982 libus
619 899 722 978 est
764 900 1134 980 decretus:
1188 901 1400 980 binae
1433 902 1751 1004 legiones
1788 904 2159 978 Romanae
2190 928 2363 980 cum

379 1023 511 1106 suo
561 1019 913 1122 equitatu,
964 1026 1035 1099 δι
1077 1022 1352 1102 socium
1383 1023 1631 1100 Latini
1666 1021 2004 1112 nominis,
2054 1043 2365 1123 quantus

380 1143 656 1244 semper
713 1167 1082 1234 numerus,
1144 1143 1569 1245 quindecim
1626 1143 1853 1222 millia
1901 1143 2231 1246 peditum
2282 1143 2364 1218 ὅτ,

377 1263 776 1365 οᾶὶυςοιιῐί
825 1263 1128 1364 equites.
1226 1268 1422 1342 Cum
1474 1267 1616 1342 hoc
1664 1263 1979 1342 exercitu
2040 1261 2365 1364 Apuanis

377 1383 780 1486 Liguribus
803 1405 890 1462 ut
913 1387 1188 1464 bellum
1215 1385 1575 1476 inferrent,
1604 1387 2023 1464 mandatum
2056 1383 2179 1460 est.
2278 1387 2363 1462 P.

375 1505 716 1584 Cornelio
775 1503 854 1580 ἃ.
915 1509 1036 1584 Μ.
1094 1505 1357 1586 Baebio
1419 1529 1883 1609 prorogatum
1948 1505 2362 1606 imperium,

368 1625 677 1724 juffique
705 1625 1107 1725 provincias
1135 1626 1484 1717 obtinere,
1535 1629 1770 1705 donec
1796 1626 2117 1703 consules
2134 1624 2363 1704 venis·

375 1743 550 1823 sent.
650 1749 856 1824 Tum
876 1745 1332 1847 imperamm,
1381 1768 1492 1837 ut,
1537 1747 1851 1838 dimifl‘o,
1901 1773 2124 1847 quem
2142 1749 2361 1824 habe·

375 1889 560 1955 rent,
621 1865 969 1956 exercitu,
1039 1889 1550 1948 reverterentur
1610 1871 1952 1946 Romam.
2058 1871 2175 1944 De
2235 1867 2360 1946 Ti.

373 1985 781 2086 Sempronii
805 1985 1072 2080 deinde
1099 1987 1418 2067 exercitu
1447 1989 1689 2064 aetum
1719 1986 1841 2064 est.
1939 1989 2232 2066 Novam
2260 1990 2358 2066 le-

375 2105 672 2208 gionem
708 2107 774 2186 ei
799 2107 1130 2207 quinque
1159 2107 1476 2186 millium
1515 2109 1595 2184 &
1638 2107 2114 2184 ducentorum
2154 2107 2359 2208 pedi-

275 2289 288 2294 -
375 2229 732 2330 tumjcum
757 2228 1128 2328 equitibus
1151 2227 1690 2329 quadringentis
1713 2226 2033 2307 consules
2060 2227 2357 2308 scribere

361 2350 566 2452 juni,
602 2354 670 2426 δι
709 2349 908 2426 mille
940 2369 1294 2450 praeterea
1317 2348 1651 2447 peditum
1676 2346 1947 2426 civium
1982 2351 2358 2429 Romano-

371 2494 562 2559 rum,
613 2468 1144 2570 quinquaginta
1193 2466 1510 2569 equites:
1562 2467 1643 2546 &
1698 2467 1901 2546 sociis
1966 2497 2007 2545 e
2058 2469 2355 2548 nomine

375 2589 643 2668 [atino
678 2589 1020 2690 imperare
1047 2588 1316 2689 septem
1341 2588 1570 2668 millia
1596 2588 1955 2689 peditum,
2006 2607 2358 2668 trecentos

369 2709 676 2808 equites.
729 2697 738 2704 ⁹
795 2711 992 2790 Cum
1023 2711 1164 2788 hoc
1195 2709 1511 2788 exercitu
1547 2709 1817 2810 placuit
1848 2711 1949 2787 ire
1982 2709 2061 2788 in
2094 2711 2359 2812 Hispa·

373 2829 570 2908 niam
593 2829 994 2908 citeriorem
1015 2829 1138 2910 Ti.
1163 2827 1693 2929 Sempronium.
1773 2836 1890 2933 Q
1910 2829 2170 2908 Fulvio
2195 2857 2357 2931 per-

371 2949 689 3041 mifl‘um,
764 2972 876 3041 ut,
949 2949 1084 3051 qui
1141 2949 1430 3040 milites,
1489 2971 1653 3030 ante
1716 2953 1839 3049 Sp.
1869 2949 2354 3042 Postumium,

371 3071 876 3175 QMarcium
929 3069 1273 3162 consules,
1325 3072 1517 3152 cives
1568 3069 1887 3154 Romani
1937 3067 2224 3160 sociive,
2273 3070 2353 3150 in

371 3190 802 3292 Hispaniam
847 3190 1286 3293 transportati
1336 3193 1582 3282 effent,
1636 3195 1705 3270 δι
1750 3211 2127 3292 praeterea,
2188 3189 2350 3290 sup-

370 3315 734 3413 plemento
764 3315 1108 3402 adducto,
1158 3333 1342 3413 quot
1365 3312 1676 3410 amplius
1714 3313 1997 3388 duabus
2047 3309 2349 3410 legioni-

371 3437 536 3523 bus,
585 3459 806 3533 quam
835 3435 1088 3512 decem
1117 3431 1369 3522 millia,
1419 3437 1490 3510 &
1515 3431 2019 3534 quadringenti
2044 3429 2348 3531 pedites,

367 3551 680 3632 sexcenti
727 3554 1002 3654 equites
1034 3555 1298 3644 effent3
1349 3557 1418 3632 &
1451 3551 1725 3634 socium
1758 3551 2005 3630 Latini
2034 3551 2349 3630 nominis

367 3673 762 3752 duodecim
809 3674 1061 3763 millia,
1111 3672 1421 3754 sexcenti
1469 3673 1773 3774 equites,
1824 3697 2137 3774 quorum
2180 3671 2347 3752 forti

365 3821 582 3896 opera
619 3797 909 3872 duobus
953 3792 1279 3872 adversus
1310 3793 1703 3870 Celtiberos
1734 3793 2019 3892 proeliis
2050 3792 2217 3870 usus
2246 3799 2363 3897 Q

371 3915 674 3994 Fulvius
695 3917 888 4006 esset,
938 3941 1086 4005 eos,
1135 3919 1184 3990 fi
1218 3913 1601 4005 videretur,
1652 3912 1893 3994 secum
1927 3915 2343 4014 deportaret.

369 4039 470 4114 Et
505 4034 1053 4135 supplicationes
1085 4036 1431 4124 decretae,
1483 4035 1687 4135 quod
1720 4032 1779 4114 is
1810 4033 2133 4135 prospere
2158 4059 2343 4110 retn-

367 4157 736 4266 publicam
761 4157 1086 4257 geffiffett
1115 4155 1190 4234 δτ-
1223 4153 1436 4232 ceteri
1469 4175 1817 4256 praetores
1842 4153 1921 4234 in
1944 4152 2344 4254 provincias
