3100 5359
773 715 916 813 316
1439 714 2075 789 T.L1v11

771 893 822 929 “
857 882 1214 963 daemonii
1245 884 1542 984 quidem
1578 888 1853 984 poffint,
1891 884 2017 961 Dii
2050 910 2342 986 quoque
2376 884 2506 983 ipfi
2536 912 2755 963 com-

764 1012 817 1048 “
852 1004 1324 1102 probaverint,
1348 1005 1476 1105 qui
1507 1004 1713 1080 nobis
1733 1005 2103 1081 victoriam
2118 1008 2477 1081 dederunt
2496 1038 2519 1094 3
2540 1032 2742 1105 quo-

767 1135 818 1171 “
855 1150 1018 1199 nam
1071 1126 1293 1201 modo
1347 1152 1454 1211 ea,
1507 1150 1694 1223 quae
1728 1124 1893 1200 belli
1909 1126 2070 1222 jure
2090 1128 2245 1200 acia
2268 1125 2455 1215 sunt,
2488 1124 2565 1199 in
2592 1124 2745 1200 dis-

768 1253 820 1289 “
855 1244 1328 1343 ceptationem
1362 1245 1717 1321 veniunt?
1770 1272 2081 1344 quorum
2130 1268 2367 1321 tamen
2425 1244 2751 1321 maxima

769 1374 819 1411 ‘⁶
855 1388 1014 1460 pars
1073 1362 1250 1439 nihil
1296 1364 1599 1461 pertinet
1630 1367 1723 1440 ad
1752 1392 1899 1441 nos.
2000 1366 2343 1441 Nostrum
2378 1366 2502 1453 est,
2528 1368 2745 1464 quod

767 1494 818 1529 ‘⁸
855 1483 1304 1561 evocavimus
1357 1512 1478 1559 eos
1536 1488 1627 1561 ad
1680 1488 1982 1561 cauffam
2032 1485 2443 1574 dicendam,
2482 1483 2613 1584 qui
2638 1485 2743 1559 ad

765 1613 815 1649 “
851 1629 1041 1681 arma
1075 1602 1615 1681 multitudinem
1648 1606 2074 1694 exciverant,
2106 1604 2238 1705 qui
2272 1630 2737 1703 expugnave-

764 1732 818 1771 “
852 1744 1006 1799 rant
1031 1722 1382 1801 maritima
1412 1724 1704 1823 oppida,
1753 1724 1881 1823 qui
1916 1724 2377 1824 diripuerant,
2410 1723 2540 1822 qui
2570 1750 2737 1799 cae-

763 1852 816 1889 “
849 1844 1018 1919 dem
1043 1841 1452 1943 principum
1487 1842 1818 1919 fecerant.
1917 1847 2139 1945 Qod
2172 1868 2341 1919 vero
2366 1843 2496 1932 illi,
2528 1843 2737 1921 veni-

762 1974 814 2011 “
847 1984 1042 2039 entes
1069 1962 1144 2039 in
1177 1963 1415 2053 castra,
1445 1962 1791 2039 interfeffl
1826 1964 2011 2053 sunt,
2038 1964 2347 2039 vestrum
2372 1964 2496 2053 est,
2524 1968 2731 2039 Areu

758 2094 810 2129 “
845 2088 916 2159 &
953 2082 1354 2171 Alcibiade,
1389 2084 1518 2181 qui
1552 2110 1747 2161 nunc
1778 2110 1935 2173 nos,
1970 2084 2021 2157 fi
2046 2083 2207 2159 Diis
2230 2087 2485 2181 placet,
2510 2108 2729 2159 accu-

759 2214 810 2248 “
845 2202 1029 2292 satis,
1049 2230 1194 2281 non
1222 2202 1561 2281 nostrum.
1662 2203 1958 2281 Exsules
1984 2202 2731 2282 Lacedaemoniorum

756 2333 809 2369 “
849 2327 1030 2422 (quo
1063 2323 1140 2398 in
1167 2350 1467 2402 numero
1500 2324 1575 2399 hi
1608 2350 1898 2424 quoque
1921 2326 2071 2399 duo
2096 2324 2417 2417 fuerunt)
2448 2328 2519 2399 ὅτ
2546 2345 2727 2401 tunc

759 2453 812 2489 “
843 2440 1220 2521 nobiscum
1263 2465 1485 2533 erant,
1531 2446 1633 2535 &,
1664 2448 1864 2543 quod
1893 2444 2347 2521 domicilium
2376 2444 2503 2519 fibi
2530 2446 2729 2519 dele-

754 2572 804 2607 “
839 2585 1085 2663 gerant
1113 2562 1468 2643 maritima
1497 2564 1791 2664 oppida,
1832 2564 1897 2640 se
1930 2565 2187 2664 petitos
2220 2567 2608 2653 credentes,
2645 2563 2721 2639 in

753 2694 803 2731 ‘⁶
839 2710 985 2771 eos,
1051 2707 1366 2785 quorum
1417 2710 1632 2783 opera
1684 2684 1905 2783 patria
1954 2708 2269 2761 extorres
2322 2712 2413 2759 ne
2453 2685 2531 2761 in
2564 2706 2726 2761 tuto

752 2816 802 2851 ‘⁸
840 2802 1138 2904 quidem
1171 2804 1410 2879 exfilio
1429 2802 1621 2904 poffe
1642 2804 2123 2881 consenescere
2147 2805 2212 2881 se
2248 2804 2723 2905 indignaban-

749 2936 800 2971 “
835 2945 978 3013 tur,
1045 2923 1372 3022 inpetum
1429 2923 1770 3001 fecerunt.
1872 2924 2431 3001 Lacedaemonii
2504 2925 2727 3025 igitur

748 3054 801 3093 “
837 3045 1472 3133 Lacedaemonios,
1572 3072 1718 3123 non
1810 3044 2112 3133 Achaei,
2194 3044 2721 3123 interfecerunt.

748 3176 800 3213 “
837 3170 1027 3256 Nec,
1066 3166 1228 3264 jure
1271 3191 1362 3243 an
1405 3163 1663 3262 injuria
1694 3168 1865 3245 caefi
1902 3167 2063 3254 fint,
2110 3166 2585 3266 argumentari
2612 3194 2724 3243 re-

745 3296 798 3336 “
833 3286 1034 3363 fert.”

839 3406 1231 3483 XXXVII.
1333 3414 1384 3449 ‘⁸
1423 3408 1528 3481 At
1586 3404 1781 3481 enim
1848 3404 1969 3481 illa
2024 3426 2209 3483 certe
2270 3406 2493 3485 vestra
2530 3407 2720 3500 sunt,

745 3536 798 3573 “
834 3525 1136 3614 Achaei,
1197 3526 1400 3625 quod
1451 3526 1641 3623 leges
1696 3524 2291 3625 disciplinamque
2350 3529 2719 3605 vetustiffi-

743 3654 796 3691 ‘⁶
833 3672 1026 3723 mam
1059 3643 1382 3745 Lycurgi
1411 3644 1796 3733 sustulistis,
1856 3648 2057 3746 quod
2086 3672 2327 3723 muros
2378 3648 2719 3727 diruistis.

746 3777 798 3814 “
833 3773 1040 3868 Qae
1061 3788 1360 3864 utraque
1371 3768 1462 3843 ab
1485 3764 1734 3843 iisdem
1754 3764 1972 3862 objici
1992 3766 2117 3866 qui
2132 3768 2457 3865 pofl‘unt?
2480 3794 2717 3867 quum

741 3892 795 3929 “
829 3884 1021 3961 muri
1053 3885 1643 3963 Lacedaemoniis
1688 3911 1833 3961 non
1858 3888 1951 3961 ab
1984 3887 2351 3985 Lycurgo,
2388 3885 2505 3963 sed
2540 3914 2716 3987 pau-

739 4012 793 4049 “
827 4030 951 4081 cos
1001 4026 1160 4083 ante
1212 4031 1434 4081 annos
1477 4006 1569 4083 ad
1604 4004 2117 4083 dissolvendam
2148 4006 2473 4107 Lycurgi
2500 4007 2715 4084 disci-

737 4134 790 4171 “
825 4123 1094 4225 plinam
1127 4124 1459 4203 exstructi
1483 4128 1636 4205 sint.
1734 4124 2057 4223 Tyranni
2092 4124 2289 4205 enim
2336 4154 2565 4229 nuper
2590 4156 2717 4207 eos
