3100 5359
942 718 1018 796 L
1058 744 1087 794 1
1136 743 1178 794 Β
1225 741 1270 792 Β.
1313 743 1364 792 ιι
1463 715 1829 794 XXXIX.
2224 741 2359 818 341

393 893 646 968 tendos
704 889 914 968 etiam
959 891 1233 970 animos
1265 919 1307 967 a
1335 891 1723 991 suspicione
1756 890 2007 970 talium
2042 892 2361 968 confilio-

393 1039 558 1089 rum
613 1031 826 1116 ratus,
889 1013 1201 1088 mediam
1251 1013 1328 1088 in
1386 1013 1773 1088 Thraciam
1824 1012 2219 1089 exercitum
2285 1012 2361 1087 in

397 1132 728 1232 Odrysas,
747 1134 822 1206 &
843 1134 1332 1222 Dentheletos»,
1359 1131 1434 1206 δε
1455 1134 1687 1208 Beffos
1706 1131 1941 1208 duxit.
1991 1131 2361 1232 Philippo·

393 1251 596 1350 polin
623 1255 910 1340 urbem,
961 1251 1133 1352 fuga
1162 1251 1502 1328 desertam
1532 1251 2086 1353 oppidanorum,
2121 1250 2250 1352 qui
2285 1251 2362 1325 in

392 1370 722 1470 proxima
749 1371 1108 1448 montium
1123 1373 1302 1472 juga
1328 1399 1498 1448 cum
1521 1371 1813 1448 familiis
1833 1393 2236 1474 receperant
2260 1371 2360 1449 se·

393 1490 490 1580 se,
560 1490 783 1591 cepit:
846 1492 1396 1592 campestresque
1455 1495 1809 1582 barbaros»,
1885 1494 2360 1592 depopulatus

393 1635 596 1711 agros
620 1636 868 1686 eorum
903 1612 979 1686 in
1023 1611 1467 1688 deditionem
1500 1613 1794 1710 accepit.
1860 1613 2149 1689 Relicto
2189 1612 2359 1689 inde

393 1731 490 1806 ad
516 1729 1058 1831 Philippopolin
1091 1731 1455 1830 praefidio,
1484 1734 1685 1830 quod
1714 1734 1909 1806 haud
1940 1735 2172 1808 multo
2204 1733 2361 1834 post

387 1853 485 1928 ,ab
537 1851 822 1950 Odryfis
875 1851 1250 1951 expulsum
1305 1851 1428 1938 est,
1488 1851 1845 1950 oppidum
1876 1851 1952 1926 in
1988 1853 2362 1951 Deuriopo

393 1972 698 2047 condere
728 1970 1054 2048 instituit.
1123 1970 1468 2047 Paeoniae
1501 1997 1584 2046 ea
1609 1971 1805 2072 regio
1828 1971 1931 2046 est
1960 1998 2179 2072 prope
2200 1972 2359 2048 Eri-

391 2115 666 2190 gonum
723 2091 1068 2179 fluvium3
1103 2088 1316 2190 ‚qui,.
1349 2115 1439 2164 ex
1491 2090 1775 2189 Illyrico
1818 2117 1945 2189 per
1976 2091 2360 2167 Paeoniam

391 2213 647 2302 fluens,
670 2211 744 2288 in
765 2212 1042 2288 Axium
1061 2237 1348 2286 amnem
1369 2209 1627 2286 editur.
1678 2212 1907 2287 Haud
1930 2213 2182 2312 procul
2204 2214 2361 2288 Sto-

393 2330 531 2420 bis,
583 2353 814 2408 vetere
876 2335 1079 2421 urbe,
1130 2357 1388 2408 novam
1442 2333 1695 2406 urbem
1748 2329 2095 2420 Perseida,
2164 2351 2249 2407 ut
2300 2331 2358 2406 is

395 2450 548 2528 filio
579 2451 824 2551 majori
867 2453 1239 2526 haberetur
1263 2453 1518 2539 honos,
1568 2450 1903 2547 adpellari
1915 2451 2133 2548 juffit.

493 2574 694 2649 LIV.
795 2573 1000 2648 Dum
1021 2572 1194 2646 haec
1215 2569 1290 2645 in
1327 2569 1767 2646 Macedonia
1792 2591 2163 2670 geruntur,
2190 2598 2361 2648 con·

399 2691 578 2768 sules
632 2691 708 2767 in
738 2689 1136 2791 provincias
1167 2688 1486 2790 profecti.
1551 2691 1978 2766 ·Marcellus
2010 2691 2363 2770 nuncium

393 2811 740 2912 praemisit
782 2811 874 2885 ad
895 2811 1012 2888 L.
1047 2808 1388 2885 Porcium
1421 2807 1943 2907 proconsulem,
2001 2832 2085 2885 ut
2108 2813 2201 2886 ad
2232 2837 2362 2888 no-

397 2957 574 3006 vum
597 2931 970 3026 Gallorum
989 2928 1342 3026 oppidum
1376 2927 1689 3028 legiones
1722 2931 2153 3008 admoveret.
2204 2932 2361 3006 Ad-

395 3045 708 3124 venienti
733 3047 1004 3125 consuli
1039 3047 1229 3123 Galli
1254 3046 1390 3124 sese
1423 3047 1879 3124 dediderunt.
1946 3049 2363 3126 Duodecim

395 3167 620 3244 millia
665 3190 1110 3264 armatorum
1139 3187 1357 3243 erant.
1455 3167 1789 3266 Plerique
1832 3193 2023 3244 arma
2056 3194 2147 3244 ex
2177 3169 2361 3270 agris

391 3309 584 3388 rapta
613 3281 988 3365 habebant.
1089 3289 1196 3362 Ea
1229 3313 1432 3387 aegre
1471 3286 1900 3386 patientibus
1931 3287 2018 3363 iis
2050 3290 2359 3379 ademta,

392 3433 720 3508 quaeque
771 3407 906 3482 alia
955 3427 1080 3482 aut
1127 3409 1544 3508 populantes
1578 3433 1778 3508 agros
1810 3431 2203 3507 rapuerant,
2234 3431 2361 3486 aut

395 3526 634 3606 secum
679 3529 1095 3603 adtulerant.
1199 3530 1314 3602 De
1345 3526 1456 3602 his
1477 3529 1686 3602 rebus
1719 3527 1845 3626 qui
1875 3548 2359 3626 quererentur,

395 3648 660 3747 legatos
693 3651 1010 3724 Romam
1039 3645 1400 3722 miserunt.
1500 3648 1903 3724 Introducti
1934 3647 2007 3722 in
2042 3648 2359 3726 senatum

400 3795 442 3842 a
466 3771 552 3846 C.
579 3767 859 3844 Valerio
878 3789 1192 3866 praetore
1226 3764 1723 3865 exposuerunt,
1761 3777 1812 3810 “
1847 3769 1963 3855 Se,
1994 3767 2361 3867 superante

399 3887 564 3962 “in
617 3886 850 3964 Gallia
899 3885 1389 3974 multitudine,
1444 3884 1683 3984 inopia
1748 3887 2025 3961 coaCtos
2084 3889 2234 3988 agri
2287 3893 2359 3964 ὅτ

403 4019 453 4052 “
491 4007 818 4108 egestate,
887 4009 980 4084 ad
1038 4007 1514 4107 quaerendam
1560 4006 1797 4080 sedern
1858 4007 2081 4104 Alpes
2145 4006 2357 4082 trans-

399 4137 450 4176 “
485 4130 761 4230 grefl'os.
861 4132 1068 4231 Qae
1106 4125 1370 4204 inculta
1410 4151 1535 4227 per
1569 4123 1979 4203 solitudines
2012 4124 2357 4216 viderent,
