3100 5359
673 679 818 750 412
1343 649 1984 726 T.L1v11

677 821 1106 912 tutionibus,
1151 819 1411 924 triplex
1461 823 1721 925 equiti,
1768 823 2217 900 tantumdem
2254 817 2461 899 sociis
2500 823 2647 900 La·

679 945 810 1022 tini
839 941 1178 1032 nominis,
1229 944 1304 1017 &
1337 941 1773 1044 stipendium
1804 943 2143 1020 omnibus
2174 945 2466 1043 duplex.

772 1066 1052 1142 XLIV.
1151 1063 1268 1139 Eo
1315 1089 1506 1141 anno
1558 1063 1831 1165 rogatio
1880 1063 2201 1164 primum
2240 1065 2381 1140 lata
2414 1063 2513 1139 est
2554 1067 2655 1140 ab

677 1188 774 1262 L.
802 1184 1026 1260 Villio
1067 1183 1360 1262 tribuno
1397 1184 1655 1284 plebis,
1703 1205 1885 1286 quot
1932 1209 2156 1260 annos
2206 1185 2353 1260 nati
2394 1210 2653 1284 quem-

675 1330 822 1408 que
841 1305 1328 1407 magistratum
1347 1325 1667 1405 peterent
1684 1326 2175 1407 caperentque.
2240 1307 2451 1382 ·Inde
2478 1331 2653 1405 cog-

679 1450 946 1502 nomen
993 1423 1302 1502 familiae
1345 1425 1695 1516 inditum,
1744 1445 1829 1504 ut
1876 1427 2189 1502 Annales
2220 1427 2655 1526 adpellaren-

675 1567 816 1624 tur.
913 1549 1275 1624 Praetores
1327 1567 1639 1645 quatuor
1686 1546 1845 1648 post
1890 1549 2157 1623 multos
2206 1571 2431 1622 annos
2492 1547 2655 1647 lege

681 1666 940 1746 Baebia
967 1664 1209 1756 creati,
1259 1691 1444 1767 quae
1467 1666 1749 1744 alternis
1782 1687 2160 1767 quaternos
2176 1667 2481 1764 jubebat
2502 1689 2654 1744 cre-

677 1787 804 1864 ari.
901 1787 1018 1864 Hi
1070 1785 1266 1877 facti,
1313 1788 1452 1863 Cn.
1485 1787 1859 1866 Cornelius
1888 1786 2158 1888 Scipio,
2208 1790 2297 1865 C.
2333 1787 2658 1864 Valerius

679 1905 1073 1998 laevinus,
1139 1909 1336 2010 Q&
1399 1909 1481 1983 P.
1499 1907 1747 1984 Mucii
1788 1907 2011 2010 QF.
2046 1909 2441 1986 Scaevolae.
2554 1914 2667 2011 Q

681 2026 944 2106 Fulvio
989 2032 1062 2104 δε
1093 2029 1190 2104 1...
1223 2025 1512 2102 Manlio
1541 2025 1953 2104 consulibus
1976 2030 2229 2106 eadem
2261 2027 2657 2129 provincia,

680 2174 866 2251 quae
916 2145 1420 2248 superioribus,
1467 2145 1619 2246 pari
1664 2173 1963 2224 numero
2006 2148 2251 2248 copiae
2295 2147 2655 2249 peditum,

681 2267 1042 2370 equitum,
1093 2265 1394 2358 civium,
1445 2265 1801 2344 sociorum
1828 2269 2173 2346 decretae.
2270 2271 2359 2344 In
2391 2267 2659 2369 Hispa-

681 2390 822 2468 niis
873 2390 1156 2465 duabus
1200 2386 1324 2463 Ti.
1349 2387 1772 2487 Sempronio
1818 2387 1893 2462 δι
1938 2391 2033 2464 L.
2068 2387 2445 2466 Postumio
2482 2415 2661 2466 curn

683 2509 936 2588 iisdem
987 2506 1450 2601 exercitibus,
1517 2534 1704 2608 quos
1770 2511 2135 2600 haberent,
2196 2529 2660 2609 prorogatum

683 2629 1068 2731 imperium
1093 2627 1216 2702 est.
1321 2629 1419 2704 Et
1449 2627 1528 2704 in
1556 2628 2135 2728 supplementum
2160 2629 2477 2706 consules
2496 2629 2659 2707 scri·

683 2755 850 2830 bere
859 2749 1023 2848 juffi
1053 2749 1146 2823 ad
1171 2747 1304 2824 tria
1327 2747 1555 2826 millia
1582 2747 1915 2849 peditum
1946 2753 2473 2837 Romanorum,
2518 2773 2659 2828 tre-

684 2891 928 2951 centos
973 2866 1298 2969 equites;
1349 2870 1675 2969 quinque
1732 2869 1959 2947 millia
2008 2869 2361 2948 sociorum
2410 2871 2663 2948 Latini

685 2989 1027 3080 nomini3‚
1075 2993 1148 3065 δε
1195 2988 1755 3090 quadringentos
1806 2989 2105 3092 equites».
2212 2995 2297 3068 P.
2354 2991 2663 3070 Mucius

685 3111 1016 3191 Scaevola
1063 3111 1410 3187 urbanam
1452 3109 1736 3187 sortitus
1786 3110 2229 3209 provinciam
2272 3111 2410 3200 est,
2460 3116 2533 3188 δε
2574 3133 2665 3190 ut

685 3233 884 3311 idern
929 3251 1292 3332 quaereret
1340 3231 1434 3308 de
1483 3230 1845 3308 veneficiis
1888 3231 1968 3307 in
2010 3235 2214 3321 urbe,
2266 3236 2337 3308 &
2368 3232 2667 3333 propius

685 3356 944 3430 urbem
979 3351 1236 3429 decem
1267 3351 1496 3428 millia
1523 3354 1895 3453 paffuum=
1946 3355 2085 3431 Cn.
2104 3352 2483 3431 Cornelius
2512 3351 2663 3430 Sci-

687 3473 812 3574 pio
835 3471 1303 3573 peregrinam,
1351 3471 1787 3576 QMucius
1812 3475 2143 3552 Scaevola
2172 3473 2517 3564 Siciliam,
2566 3475 2661 3550 C.

689 3591 1014 3670 Valerius
1043 3591 1409 3670 Laevinus
1439 3591 1859 3671 Sardiniam.
1933 3594 2356 3698 QFulvius
2388 3593 2665 3684 consul,

690 3725 746 3762 “
777 3713 1000 3816 prius,
1027 3737 1250 3813 quam
1274 3715 1494 3790 ullam
1513 3739 1665 3790 rem
1683 3714 2049 3814 publicam
2076 3736 2340 3818 ageret,
2368 3714 2665 3792 liberare

690 3846 746 3881 ‘⁶
782 3837 853 3910 ac
882 3832 951 3912 se
981 3839 1050 3910 ὅτ
1081 3833 1603 3935 rempublicam
1636 3833 1983 3936 religione
2018 3835 2205 3914 votis
2236 3834 2667 3924 solvendis?

693 3953 909 4045 dixit,
958 3964 1011 4000 “
1045 3955 1249 4032 velle.
1349 3953 1661 4044 Vovifl‘e,
1693 3979 1847 4055 quo
1878 3955 1999 4032 die
2030 3955 2469 4056 postremum
2492 3979 2667 4032 cum

696 4085 748 4122 ‘⁸
783 4073 1156 4154 Celtiberis
1173 4077 1569 4178 pugnasset,
1590 4075 1801 4154 ludos
1818 4075 1987 4174 jovi
2012 4075 2293 4176 optimo
2316 4074 2667 4168 maximo,
