3100 5359
843 739 919 814 L
969 763 999 813 1
1058 763 1100 814 Β
1159 762 1204 813 Ε
1259 760 1308 813 R
1420 735 1783 813 XXXIX.
2178 759 2313 835 271

315 912 480 1013 jore
513 914 834 1015 adparari
867 934 1200 1014 coeptae:
1239 934 1398 989 tum
1432 940 1737 1012 coquus,
1770 909 2179 986 viliffimum
2198 936 2322 985 an-

327 1034 559 1135 tiquis
593 1034 1038 1133 mancipium
1074 1040 1140 1109 81
1177 1033 1657 1109 aestimatione
1695 1038 1762 1107 δε
1792 1030 1949 1120 usu,
1985 1030 2060 1104 in
2094 1028 2322 1128 pretio

327 1158 511 1245 effe3
533 1157 637 1244 δε,
665 1156 870 1254 quod
913 1154 1384 1230 ministerium
1411 1154 1665 1241 fuerat,
1704 1178 1809 1227 ars
1841 1151 2081 1227 haberi
2110 1177 2319 1251 coep-

326 1296 432 1350 ta.
533 1274 682 1349 Vix
746 1296 985 1351 tamen
1037 1274 1181 1363 illa,
1237 1300 1422 1373 quae
1472 1295 1631 1350 tum
1682 1270 2322 1371 conspiciebantur,

339 1394 616 1471 semina
639 1417 834 1471 erant
865 1394 1142 1470 futurae
1169 1393 1513 1470 luxuriae.

444 1517 607 1589 VII.
676 1518 796 1595 ‚In
845 1515 1212 1614 triumpho
1265 1513 1429 1589 tulit
1479 1518 1618 1591 Cn.
1664 1514 1989 1591 Manlius
2030 1540 2323 1589 coronas

337 1662 614 1724 aureas,
652 1635 994 1711 ducentas
1028 1634 1418 1710 duodecim
1450 1637 1730 1733 pondo:
1776 1634 2043 1735 argenti
2077 1636 2323 1733 pondo

334 1756 656 1831 ducenta
702 1755 968 1855 viginti
1029 1754 1255 1829 millia
1280 1779 1320 1828 ε’
1369 1755 1520 1830 auri
1580 1759 1829 1855 pondo
1886 1758 2037 1830 duo
2104 1754 2328 1831 millia

344 1898 644 1951 centum
671 1898 842 1949 tres:
897 1876 1494 1950 tetradrachrnfim
1529 1876 1861 1952 Atticum
1896 1898 2188 1951 centurn
2220 1876 2327 1952 vi·

339 1995 528 2095 ginti
580 1994 840 2093 septem
897 1994 1160 2069 millia:
1215 1995 1701 2093 cistophorum
1760 2000 2073 2072 ducenta
2113 1996 2326 2096 quin-

341 2115 737 2214 quaginta:
816 2106 1360 2214 Philippeorum
1425 2141 1800 2191 aureorum
1858 2141 2327 2191 nummorum

347 2234 662 2310 sedecim
719 2234 942 2309 millia
993 2256 1338 2310 trecentos
1391 2235 1691 2335 viginti:
1749 2241 1817 2312 &
1853 2262 2046 2311 arma
2075 2235 2326 2334 spolia-

345 2380 496 2453 que
549 2357 780 2429 multa
825 2352 1128 2443 Gallica,
1183 2356 1532 2453 carpentis
1585 2355 1985 2431 transvecta.
2086 2359 2329 2432 Duces

347 2474 668 2563 hostiurn
715 2476 865 2549 duo
899 2479 969 2549 ὅτ
1016 2473 1540 2575 quinquaginta
1574 2476 1773 2550 ducti
1807 2497 1967 2552 ante
2013 2501 2327 2553 currum.

349 2594 730 2673 Militibus
775 2596 1263 2695 quadragenos
1291 2594 1496 2670 binos
1531 2595 1853 2672 denarios
1886 2595 2142 2685 divifit,
2195 2598 2329 2671 du-

351 2720 523 2817 plex
557 2713 1006 2803 centurioni3
1061 2717 1130 2789 δε
1164 2713 1601 2813 stipendium
1639 2718 1911 2816 duplex
1944 2718 2020 2792 in
2057 2715 2331 2816 pedites

352 2838 588 2926 dedit,
638 2834 898 2934 triplex
947 2834 1027 2908 in
1078 2833 1377 2933 equites.
1478 2836 1707 2912 Multi
1761 2838 2090 2914 omnium
2138 2837 2329 2913 ordi-

355 2984 570 3046 num,
599 2954 846 3031 donati
879 2954 1304 3031 militaribus
1329 2956 1564 3046 donis,
1600 2983 1887 3033 currum
1907 2958 2123 3035 secuti
2145 2960 2331 3035 sunt.

357 3077 845 3175 carminaque
893 3101 936 3150 a
987 3074 1336 3151 militibus
1364 3103 1446 3152 ea
1479 3076 1554 3151 in
1586 3077 2079 3175 imperatorem
2113 3079 2331 3171 dicta,

357 3222 442 3277 ut
497 3198 708 3275 facile
753 3198 1140 3296 adpareret,
1177 3195 1248 3270 in
1286 3198 1548 3272 ducem
1583 3196 2077 3299 indulgentem
2105 3200 2332 3276 ambi-

359 3318 772 3417 tiosumque
807 3344 888 3393 ea
921 3316 1105 3405 dici3
1143 3315 1593 3416 triumphum
1628 3320 1761 3393 effe
1787 3318 2071 3394 militari
2106 3319 2334 3421 magis

365 3442 636 3529 favore,
687 3462 908 3539 quam
933 3436 1286 3537 populari,
1320 3439 1693 3513 celebrem.
1791 3442 1930 3515 Sed
1963 3443 2053 3515 ad
2086 3443 2336 3543 populi

361 3586 661 3663 quoque
688 3557 982 3660 gratiam
1005 3556 1528 3635 conciliandam
1560 3558 1773 3633 amici
1800 3560 2064 3635 Manlii
2098 3566 2335 3639 value-

363 3704 556 3759 runt.
657 3683 952 3781 Qubus
983 3677 1468 3755 adnitentibus
1492 3676 2160 3757 senatusconsultum
2190 3683 2335 3761 fac-

367 3824 530 3879 tum
589 3800 718 3890 est,
804 3809 855 3844 “
893 3801 1005 3875 Ut
1054 3826 1146 3875 ex
1211 3798 1541 3897 pecunia,
1595 3826 1777 3899 quae
1831 3800 1907 3875 in
1974 3801 2338 3904 triumpho

369 3934 420 3970 “
457 3924 776 3998 transsata
824 3922 1014 4009 effet,
1079 3918 1541 4017 stipendium,
1592 3922 1953 3997 conlatum
1996 3948 2037 3997 a
2066 3925 2339 4023 populo

374 4053 424 4088 “
461 4042 536 4118 in
569 4040 981 4140 publicum,
1007 4041 1211 4139 quod
1244 4040 1390 4137 ejus
1411 4039 1723 4115 solutum
1750 4063 1953 4118 antea
1981 4068 2125 4119 non
2146 4046 2337 4133 effet,

376 4172 430 4210 “
463 4160 907 4239 solveretur.”
1005 4159 1314 4237 Vicenos
1346 4159 1609 4260 quinos
1642 4165 1711 4239 ὅτ
1741 4159 2037 4241 semiffes
2068 4163 2146 4241 in
2178 4163 2340 4240 mil·
