3100 5359
782 725 875 797 82
1418 720 2048 795 T.L1vrr

782 893 1077 993 superbe
1096 896 1448 995 quaedam
1474 898 1545 969 ὅτ
1573 893 1996 969 contemtim
2025 890 2102 967 in
2119 892 2190 968 se
2207 890 2764 969 concionantem

790 1012 1069 1102 dixisse,
1116 1014 1503 1113 praecipuo
1534 1012 1922 1089 certamine
1951 1011 2174 1087 animi
2207 1012 2534 1089 adversus
2587 1040 2762 1089 eum

786 1132 1045 1221 summ,
1100 1134 1277 1209 nihil
1310 1133 1503 1208 aliud
1538 1132 1689 1208 dies
1725 1131 2106 1232 noctesque
2149 1132 2464 1233 agitabat
2483 1134 2762 1225 animo,

789 1278 1009 1351 quam
1057 1276 1141 1329 ut
1194 1257 1409 1330 verba
1452 1252 1836 1352 magnifica
1875 1252 2025 1349 ejus
2089 1256 2300 1329 rebus
2343 1253 2764 1329 confutaret.

783 1372 1023 1449 Mittit
1052 1375 1141 1447 ad
1178 1398 1347 1449 eum
1368 1372 1738 1448 hominem
1758 1370 1958 1448 &illi
1989 1393 2272 1461 notum,
2305 1372 2438 1471 qui
2455 1372 2754 1463 diceret,

761 1504 845 1559 -‘.‘
886 1496 983 1569 Et
1007 1493 1073 1568 se
1112 1492 1516 1569 Paufistrato
1542 1492 1950 1591 patriaeque
1983 1490 2144 1567 suae
2177 1518 2442 1593 magno
2471 1492 2666 1583 ufiri,
2715 1496 2766 1569 fi

795 1624 847 1659 “
882 1614 1117 1704 liceat,
1168 1611 1355 1703 fore3
1408 1614 1483 1687 ὅτ.
1524 1640 1568 1687 a
1605 1612 2014 1688 Paufistrato
2045 1610 2116 1688 se
2149 1611 2420 1688 restitui
2449 1612 2528 1688 in
2551 1610 2764 1712 patri-

796 1745 845 1780 “
880 1760 997 1808 am
1031 1736 1292 1832 pofl'e.”
1388 1739 1670 1835 Qum,
1723 1758 2040 1832 quonam
2067 1734 2288 1808 modo
2315 1758 2400 1808 ea
2429 1732 2580 1809 fieri
2607 1732 2766 1833 pot-

794 1852 969 1943 sent,
1020 1854 1487 1930 mirabundus
1540 1852 1987 1928 Paufistmus
2032 1856 2630 1951 percuneraoetur,
2681 1854 2768 1928 fi-

794 1975 959 2049 dem
1016 1972 1285 2074 petenti
1334 1973 1543 2047 dedit
1586 1973 1902 2071 agendae
1951 1973 2434 2049 c'ommuniter
2463 1973 2594 2061 rei,
2639 1994 2768 2049 aut

792 2094 1061 2171 filentio
1128 2095 1503 2194 tegendae.
1542 2095 1750 2167 Tum
1819 2091 2338 2181 internuncius,
2407 2102 2460 2137 “
2491 2093 2766 2193 regiam

794 2224 845 2261 ‘⁸
881 2215 1157 2290 claffem
1214 2236 1337 2289 aut
1390 2234 1641 2299 totam,
1713 2232 1837 2286 aut
1889 2212 2226 2308 majorem
2278 2213 2428 2308 ejus
2465 2232 2766 2312 partem,

794 2346 849 2382 ‘⁸
884 2335 1401 2436 Polyxenidam
1424 2332 1852 2409 traditurum
1881 2330 1972 2407 ei.
2073 2332 2392 2407 Pretium
2409 2330 2590 2407 tanti
2617 2356 2767 2407 me·

796 2467 848 2502 ‘⁸
884 2455 999 2532 riti
1036 2457 1318 2531 nullum
1352 2454 1551 2528 aliud
1597 2452 1879 2553 pacisci,
1930 2478 2150 2552 quam
2187 2452 2498 2528 reditum
2533 2452 2612 2529 in
2643 2476 2768 2557 pn-

688 2614 691 2619 ·
796 2582 847 2624 ‘⁸
884 2576 1161 2651 triam.'’
1264 2572 1708 2673 Magnitudo
1759 2572 1886 2662 rei,
1939 2598 2072 2649 nec
2117 2594 2200 2648 ut
2243 2575 2583 2663 crederet,
2633 2596 2772 2651 nec

793 2716 877 2771 ut
926 2694 1451 2793 adspernaretur
1510 2692 1728 2781 dicta,
1805 2692 2062 2768 effecit.
2161 2696 2604 2769 Panormum
2643 2694 2767 2769 Sa·

793 2813 979 2893 miae
1026 2836 1241 2889 terrae
1286 2812 1497 2911 petit:
1573 2810 1822 2911 ibique
1879 2814 1973 2887 ad
2035 2814 2544 2912 explorandam
2583 2836 2768 2903 rem,

794 2956 977 3037 quae
1010 2936 1247 3010 oblata
1276 2954 1447 3022 erat,
1482 2932 1809 3008 substitit.
1911 2932 2126 3008 Ultro
2157 2932 2482 3031 citroque
2513 2932 2768 3008 nuncii

792 3052 1100 3133 cursaret
1154 3078 1287 3128 nec
1308 3054 1487 3128 fides
1516 3073 1680 3127 ante
1713 3052 2124 3129 Paufistrato
2157 3050 2341 3130 faeta
2363 3052 2490 3140 est,
2539 3076 2770 3151 quam

794 3198 1035 3251 coram
1070 3173 1340 3251 nuncio
1372 3175 1520 3272 ejus
1555 3172 2032 3273 Polyxenidas
2063 3174 2188 3249 sua
2227 3196 2446 3251 manu
2479 3172 2768 3273 scripfit‚

800 3305 850 3342 ‘⁸
886 3294 953 3371 se
980 3321 1087 3384 ea,
1139 3320 1323 3395 quae
1342 3293 1706 3393 pollicitus
1725 3297 1916 3384 effet,
1951 3293 2378 3383 saetarum?
2425 3296 2772 3394 lignoque

796 3414 923 3493 suo
958 3413 1283 3515 inprefl‘as
1312 3416 1598 3492 tabellas
1619 3413 1824 3490 mifit.
1925 3412 2040 3490 Eo
2063 3439 2232 3489 vero
2257 3412 2552 3514 pignore
2569 3416 2774 3493 velut

796 3536 1239 3609 auctoratum
1264 3534 1389 3611 fibi
1422 3534 1860 3635 proditorem
1879 3554 2068 3611 ratus
2099 3534 2221 3610 est.
2287 3536 2550 3634 Neque
2567 3532 2772 3611 enim

797 3679 994 3743 eum,
1060 3655 1189 3755 qui
1242 3654 1372 3730 sub
1430 3680 1597 3755 rege
1645 3652 1912 3730 viveret
1949 3652 2488 3732 commifl‘urum
2533 3652 2768 3745 fuiffe,

796 3795 881 3849 ut
911 3773 1236 3849 adversus
1282 3774 1499 3850 semet
1530 3774 1763 3875 ipsum
1797 3772 2064 3852 indicia
2109 3796 2328 3851 manu
2360 3772 2486 3851 sua
2527 3772 2776 3851 testata

796 3896 1019 3971 daret.
1118 3896 1299 3993 Inde
1330 3895 1507 3971 ratio
1532 3897 1886 3971 fimulatae
1909 3892 2332 3995 proditionis
2359 3896 2772 3995 composita,

798 4025 851 4061 ‘⁶
888 4014 1247 4091 Omnium
1272 4014 1339 4090 se
1370 4038 1608 4095 rerum
1639 4016 2056 4113 adparatum
2087 4012 2582 4107 omiffurum,”
2627 4018 2773 4093 Po·

798 4133 1165 4233 lyxenidas
1189 4134 1464 4225 dicei-63
1516 4145 1570 4180 “
1603 4158 1753 4210 non
1783 4134 2153 4235 remigem,
2203 4156 2352 4211 non
2387 4133 2611 4212 socios
2645 4160 2774 4211 na·
