3100 5359
809 734 883 807 L
934 759 963 807 1
1022 758 1064 809 n
1120 758 1167 807 Ε
1222 756 1271 809 R
1372 734 1768 811 XXXVII.
2177 764 2310 839 129

336 902 659 1005 diffipatis
689 904 1035 995 subsidiis,
1070 906 1483 1007 pervenisset
1515 909 1873 1009 equitatus
1908 911 2310 1000 Romanus,

332 1052 417 1102 ne
446 1025 769 1126 primurn
790 1026 1091 1125 quidem
1128 1027 1453 1127 inpetum
1494 1056 1651 1129 pars
1685 1054 1934 1105 eorum
1970 1030 2312 1106 sustinue-

330 1166 512 1223 runt.
615 1145 773 1222 Alii
821 1146 949 1222 fusi
999 1147 1207 1237 sunt3
1279 1148 1397 1223 alii
1443 1172 1727 1249 propter
1759 1150 2172 1250 gravitatem
2207 1172 2308 1227 te-

328 1272 835 1369 'gumentorum
870 1294 1378 1369 armorumque
1410 1274 1706 1369 obprefli
1745 1270 1929 1347 sunt.
2029 1274 2310 1349 Totum

322 1388 581 1465 deinde
598 1390 883 1465 laevum
916 1414 1141 1466 cornu
1174 1389 1590 1480 inclinavit3
1647 1397 1743 1480 δι,
1771 1392 2066 1467 turbatis
2098 1392 2308 1467 auxi-

326 1507 643 1597 liaribus»,
712 1509 844 1609 qui
920 1509 1103 1585 inter
1162 1509 1465 1609 equites,
1556 1516 1624 1586 ὅτ
1686 1538 1868 1611 quos
1953 1514 2312 1612 adpellant

330 1628 795 1731 phalangitas,
827 1651 1049 1717 erant,
1116 1631 1343 1729 usque
1372 1633 1465 1705 ad
1499 1631 1814 1707 mediam
1843 1633 2071 1707 aciem
2093 1656 2312 1711 terror

328 1750 671 1850 pervenit.
773 1750 883 1826 Ibi
920 1752 1126 1825 fimul
1155 1752 1541 1851 perturbati
1576 1752 1884 1842 ordines,
1919 1752 1996 1825 &
2029 1752 2307 1853 inpedi-

331 1892 441 1946 tus
462 1870 849 1947 intercursu
874 1872 1161 1949 suorum
1184 1873 1350 1949 usus
1370 1876 1906 1973 praelongarum
1931 1875 2307 1965 hastarum,

334 1992 618 2091 (sarifl‘as
652 1994 1096 2069 Macedones
1131 1996 1416 2089 vocant)
1474 1993 1776 2070 intulere
1809 1998 2000 2093 ligna
2029 1998 2304 2071 Roma-

334 2138 459 2187 nae
491 2112 835 2213 legiones,
871 2118 940 2189 &
975 2114 1118 2212 pila
1152 2112 1226 2188 in
1260 2118 1705 2212 perturbatos
1738 2117 2120 2211 conjecere.
2188 2120 2306 2193 Ne

332 2232 713 2334 interpofiti
768 2232 1070 2333 quidem
1115 2233 1469 2332 elephanti
1520 2234 1828 2309 militem
1882 2238 2308 2311 Romanum

334 2356 801 2443 deterrebant,
854 2353 1227 2429 adsuetum
1247 2354 1400 2449 jam
1448 2358 1537 2430 ab
1574 2354 1837 2429 Africis
1873 2354 2075 2431 bellis
2101 2360 2170 2431 &
2203 2356 2309 2431 vi-

333 2496 471 2551 tare
526 2475 857 2574 inpetum
910 2477 1213 2563 belluae,
1270 2478 1339 2550 Sc
1393 2498 1485 2549 ex
1534 2472 1910 2551 transverso
1968 2496 2094 2551 aut
2145 2475 2308 2575 pilis

336 2596 686 2685 inceffere,
766 2616 916 2684 aut,
1002 2598 1051 2669 fi
1118 2594 1409 2694 propius
1469 2594 1700 2671 subire
1750 2598 1996 2695 posset,
2065 2596 2309 2697 gladio

334 2742 579 2793 nervos
632 2714 969 2791 incidere.
1071 2718 1236 2811 Jam
1291 2715 1531 2791 media
1582 2715 1766 2815 acies
1805 2714 1944 2793 fere
1999 2718 2233 2793 omnis
2265 2744 2307 2793 a

329 2837 552 2913 fronte
585 2836 922 2937 prostrata
972 2856 1141 2924 erat,
1164 2836 1241 2910 ὅτ
1274 2834 1574 2911 subfidia
1607 2836 1984 2913 circumita
2012 2864 2054 2913 a
2103 2859 2304 2939 tergo

331 2960 835 3035 caedebantur:
888 2978 1118 3054 quum
1176 2953 1249 3029 in
1302 2977 1495 3054 parte
1534 2956 1670 3033 alia
1702 2956 1950 3058 fugam
1983 2959 2301 3051 suorum,

330 3084 395 3155 δι
445 3104 667 3180 prope
713 3079 869 3176 jam
912 3078 1005 3152 ad
1058 3075 1205 3174 ipsa
1236 3076 1451 3153 castra
1480 3078 1868 3155 clamorem
1892 3082 2310 3180 paventium

330 3224 679 3300 accepere.
778 3200 1120 3298 Namque
1187 3198 1598 3275 Antiochus
1637 3228 1680 3276 a
1737 3204 1989 3277 dextro
2047 3228 2303 3294 cornu,

331 3348 557 3423 quum
590 3318 697 3396 ibi
730 3318 1001 3395 fiducia
1028 3319 1351 3395 fluminis
1402 3324 1601 3396 nulla
1633 3318 1936 3398 subsidia
1969 3344 2305 3416 cerneret,

327 3464 593 3541 praeter
642 3462 950 3545 quatuor
1010 3462 1275 3516 turmas
1327 3442 1690 3541 equitum,
1767 3446 1840 3517 δε
1902 3468 2041 3533 eas,
2121 3445 2304 3521 dum

328 3562 680 3664 adplicant
708 3548 777 3636 se
810 3560 975 3652 suis,
1010 3562 1239 3659 ripam
1262 3563 1639 3652 nudantes,
1672 3563 2000 3663 inpetum
2033 3564 2109 3639 in
2145 3590 2306 3642 eam

330 3706 595 3785 partem
656 3706 827 3759 cum
859 3681 1142 3757 auxiliis
1174 3682 1248 3755 δι
1283 3686 1727 3781 cataphracto
1759 3683 2081 3783 equitatu
2111 3684 2305 3762 fecit.

330 3808 485 3881 Nec
537 3830 581 3879 a
632 3802 863 3879 fronte
908 3826 1188 3879 tantum
1244 3804 1568 3891 instabat,
1631 3801 1776 3893 sed,
1841 3805 2222 3883 circumito
2264 3832 2308 3883 a

329 3926 626 4005 flumine
687 3950 937 4015 cornu,
993 3926 1145 4023 jam
1198 3928 1289 4001 ab
1348 3926 1557 4001 latere
1609 3928 2007 4025 urguebat3
2075 3928 2308 4003 donec

331 4046 546 4151 fugati
582 4047 859 4149 equites
894 4046 1235 4147 primum,
1284 4045 1549 4121 deinde
1603 4046 1914 4145 proximi
1973 4047 2304 4148 peditum

329 4170 539 4247 effuso
571 4168 777 4248 cursu
811 4170 903 4244 ad
937 4168 1151 4245 castra
1183 4168 1522 4268 compulsi
1552 4164 1735 4243 sunt.
