3100 5359
787 715 930 813 278
1455 715 2103 790 T.L1vrr

787 895 842 930 “
877 885 1284 986 quidquam
1335 885 1508 962 scire
1538 915 1686 963 non
1720 891 2123 977 eamdem,”
2170 888 2433 977 dicere,
2470 901 2525 934 “
2560 895 2607 964 fi
2639 917 2763 966 co-

787 1017 842 1052 “
875 1031 1202 1107 arguatur
1229 1011 1318 1082 ab
1351 1007 1518 1096 alie,
1570 1035 1653 1084 ac
1684 1035 1811 1108 per
1866 1009 1935 1084 se
1982 1009 2257 1099 fatenti,
2306 1009 2591 1086 veniam
2640 1033 2767 1086 aut

789 1137 842 1172 “
879 1127 1176 1228 gratiam
1210 1127 1380 1202 fore.
1483 1131 1681 1204 Eum
1714 1130 1841 1205 fibi
1878 1129 2125 1206 omnia
2165 1129 2579 1230 exposuiffe,
2634 1129 2767 1231 qui.

791 1255 846 1292 “
881 1251 974 1322 ab
995 1247 1112 1320 illa
1144 1246 1516 1324 audiiset-'²

886 1369 1094 1442 XIII.
1196 1367 1498 1458 Mulier,
1533 1371 1731 1444 haud
1762 1367 2015 1460 dubie,
2051 1371 2127 1446 id
2162 1373 2363 1470 quod
2392 1391 2563 1459 erat,
2620 1375 2769 1446 Ae-

787 1487 1080 1564 butium
1127 1485 1444 1564 indicem
1497 1489 1733 1564 arcani
1778 1513 1925 1564 rata
1956 1489 2119 1579 effe,
2156 1493 2247 1566 ad
2280 1489 2767 1590 pedes.Sulpi-

791 1608 940 1683 ciae
985 1605 1322 1706 procidit,
1367 1611 1444 1681 &
1503 1635 1659 1684 eam
1708 1609 1945 1709 primo
1986 1637 2181 1686 orare
2232 1611 2497 1710 coepit,
2558 1622 2611 1655 “
2646 1614 2771 1686 Ne

793 1739 848 1774 “
881 1727 1200 1804 mulieris
1257 1728 1627 1804 libertinae
1676 1757 1847 1806 cum
1906 1753 2215 1806 amatore
2266 1731 2663 1806 sermonem
2692 1731 2771 1806 in

793 1860 846 1894 “
883 1874 1032 1924 rem
1095 1877 1241 1924 non
1295 1850 1542 1924 seriam
1596 1853 1847 1940 mod0,
1908 1851 2030 1926 sed
2082 1851 2455 1951 capitalem
2522 1850 2769 1939 etiam,

795 1981 848 2016 “
883 1970 1061 2044 verti
1109 1973 1360 2044 vellet:
1415 1969 1480 2046 se
1541 1971 1845 2046 terrendi
1896 1971 2047 2068 ejus
2106 1975 2358 2062 caufla,
2412 1999 2557 2045 non
2618 1997 2771 2070 quo

793 2103 848 2136 “
883 2091 1085 2166 sciret
1104 2089 1535 2190 quidquam,
1558 2117 1641 2166 ea
1688 2091 2005 2166 locutam
2030 2093 2233 2166 effess’
2329 2093 2485 2168 Hic
2516 2095 2771 2168 Postu-

795 2212 986 2287 mius
1043 2211 1375 2288 accensus
1444 2211 1571 2299 ira,
1626 2222 1679 2256 “
1716 2214 1919 2286 Tum
1968 2216 2335 2310 quoque,’'
2364 2219 2491 2302 a'1‘t,
2526 2224 2579 2257 “
2608 2239 2771 2288 eam
2828 2302 2835 2308 ἱ

793 2344 848 2378 “
883 2358 1056 2409 cum
1103 2331 1426 2407 Aebutio
1451 2330 1518 2405 se
1549 2354 1857 2406 amatore
1902 2332 2207 2408 cavillari
2252 2335 2563 2422 credere,
2621 2359 2773 2408 non

797 2463 852 2498 “
885 2452 960 2526 in
991 2455 1213 2528 domo
1239 2453 1665 2552 graviffimae
1700 2451 2005 2526 feminae
2040 2457 2109 2528 &
2140 2479 2309 2528 cum
2344 2452 2633 2528 consule
2666 2457 2771 2528 lo-

799 2584 851 2618 “
889 2572 1090 2672 qui.’'
1191 2575 1289 2645 Et
1321 2571 1641 2670 Sulpicia
1682 2573 2019 2648 adtollere
2074 2591 2499 2672 paventem3
2568 2577 2778 2650 fimul

793 2692 992 2768 illam
1035 2692 1418 2780 adhortati,
1479 2695 1683 2768 simul
1738 2691 1911 2768 iram
1958 2693 2197 2793 generi
2236 2694 2477 2770 lenire.
2576 2697 2773 2770 Tan-

797 2814 966 2888 dem
1053 2813 1494 2900 confirmata,
1580 2815 1895 2888 multum
1942 2813 2257 2889 incusata
2288 2815 2585 2914 perfidia
2618 2821 2769 2891 Ae-

795 2932 1010 3022 butii,
1065 2931 1196 3032 qui
1241 2932 1499 3030 optimi
1543 2931 1621 3006 in
1653 2959 1743 3007 eo
1786 2932 1937 3032 ipso
1974 2933 2205 3008 meriti
2234 2937 2445 3009 talem
2472 2934 2773 3035 gratiam

795 3051 1162 3141 retuliffet,
1214 3062 1266 3096 “
1304 3055 1669 3152 Magnum
1713 3052 1839 3130 fibi
1868 3075 2147 3129 metum
2182 3057 2535 3143 Deorum,
2586 3081 2771 3155 quo-

799 3185 851 3219 “
888 3199 1050 3249 rum
1083 3173 1368 3248 occulta
1399 3172 1605 3248 initia
1631 3172 2066 3263 enunciaret,
2098 3175 2437 3272 majorem
2470 3175 2777 3264 multo:⁹

797 3294 1014 3383 dixit,
1079 3305 1134 3338 ‘⁶
1167 3291 1552 3368 hominum
1604 3296 1766 3383 efl‘e,
1826 3293 1955 3394 qui
1989 3294 2057 3370 se
2090 3294 2409 3371 indicem
2442 3295 2773 3372 manibus

797 3427 850 3460 ‘⁴
885 3415 1028 3490 suis
1053 3411 1466 3510 discerpturi
1491 3415 1731 3488 effent.
1830 3416 2079 3515 Itaque
2113 3417 2251 3490 hoc
2284 3415 2353 3490 se
2385 3415 2777 3516 Sulpiciam

799 3544 852 3581 “
885 3537 1024 3610 hoc
1068 3533 1431 3609 consulem
1483 3559 1706 3620 orare,
1764 3555 1849 3610 ut
1894 3533 1959 3610 se
1994 3556 2194 3610 extra
2222 3535 2496 3610 Italiam
2528 3535 2773 3636 aliquo

801 3665 852 3700 “
888 3657 1373 3743 amandarent,
1441 3652 1571 3728 ubi
1622 3653 1985 3753 reliquum
2038 3655 2225 3730 vitae
2288 3657 2547 3756 degere
2614 3677 2773 3732 tuto

801 3787 854 3822 ‘⁸
889 3779 1132 3875 poffet.
1231 3778 1436 3849 Bono
1489 3773 1733 3848 animo
1783 3776 1965 3850 effe'’
1980 3775 2234 3871 jubere
2270 3787 2322 3822 ‘⁶
2360 3779 2564 3852 eam''
2598 3803 2769 3853 con-

799 3896 931 3987 sul,
995 3901 1092 3985 ὅτ,
1155 3905 1206 3940 “
1243 3895 1367 3971 fibi
1405 3921 1615 3972 curae
1648 3895 1875 3985 fore,”
1944 3896 2209 3985 dicere,
2262 3907 2313 3940 “
2350 3919 2436 3972 ut
2492 3897 2772 3976 Romae

801 4029 852 4064 ‘⁸
889 4037 1048 4092 tuto
1081 4017 1494 4092 habitaret.''
1593 4019 1795 4091 Turn
1842 4015 2139 4116 Hispala
2170 4016 2521 4117 originem
2549 4017 2771 4094 sacro-

797 4163 960 4215 rum
987 4135 1367 4238 expromit.
1467 4147 1516 4182 “
1549 4133 1797 4212 Primo
1830 4136 2207 4213 sacrarium
2242 4137 2319 4212 id
2344 4137 2772 4214 feminarum
