3100 5359
753 702 907 793 284
1452 698 2083 775 T.L1v11

754 881 809 915 “
841 896 971 969 par
994 872 1343 947 noel-urna
1373 872 1631 955 concio
1654 876 1789 947 effe
1822 893 2101 972 poterit.
2199 874 2425 947 Nunc
2456 870 2566 947 illi
2597 898 2733 949 vos

751 1000 802 1035 ‘⁶
839 990 1092 1091 finguli
1122 990 1478 1067 universos
1503 992 2004 1069 concionantes
2038 992 2292 1067 timent
2320 1024 2339 1067 ε
2377 993 2558 1089 jam,
2592 993 2731 1070 ubi

747 1122 804 1157 ‘⁶
837 1138 966 1187 vos
1009 1110 1250 1210 dilapfi
1309 1104 1565 1187 domos
1614 1117 1684 1187 ὅτ
1730 1112 1807 1187 in
1864 1140 2025 1189 rura
2079 1113 2299 1187 vestra
2350 1112 2571 1201 eritis,
2620 1113 2731 1191 illi

750 1242 806 1277 “
839 1231 1164 1319 coierint,
1225 1229 1727 1307 consultabunt
1782 1234 1875 1306 de
1940 1230 2060 1306 sua
2099 1232 2316 1307 salute
2371 1237 2579 1308 simul
2642 1260 2728 1311 ac

746 1359 804 1399 “
839 1351 1058 1426 vestra
1121 1350 1436 1450 pernicie
1461 1384 1482 1425 ε
1552 1373 1711 1427 turn
1776 1352 2062 1451 fingulis
2126 1352 2331 1429 vobis
2416 1354 2728 1431 univerfi

747 1483 800 1517 “
835 1470 1138 1547 timendi
1173 1492 1408 1547 erunt.
1503 1474 1771 1569 Optare
1804 1471 2024 1571 igitur
2051 1472 2545 1573 unusquisque
2571 1473 2725 1549 ves-

745 1602 800 1637 “
835 1595 1022 1668 trfltn
1067 1593 1308 1679 debet,
1367 1612 1452 1665 ut
1480 1594 1671 1667 bona
1702 1618 1902 1667 mens
1936 1591 2072 1667 suis
2104 1594 2446 1668 omnibus
2480 1592 2725 1669 filerit.

744 1722 795 1756 “
831 1710 905 1785 Si
939 1738 1158 1810 quem
1183 1710 1440 1801 libido,
1486 1715 1533 1787 fi
1564 1710 1758 1786 furor
1792 1712 1869 1786 in
1900 1712 2107 1787 illum
2132 1712 2493 1814 gurgitem
2526 1714 2722 1790 abri-

743 1842 798 1877 “
831 1830 1016 1930 puit,
1063 1830 1352 1907 illorum
1391 1857 1589 1921 eum,
1636 1858 1805 1907 cum
1861 1832 2129 1931 quibus
2162 1834 2239 1908 in
2270 1859 2488 1908 omne
2512 1832 2723 1933 flagi·

740 1963 794 1997 “
829 1950 1016 2027 tium
1070 1952 1146 2025 ὅτ
1197 1952 1473 2028 facinus
1517 1952 1932 2049 conjuravit,
1994 1980 2139 2029 non
2193 1954 2401 2029 suum
2426 1954 2724 2051 judicet

741 2084 794 2119 “
825 2076 985 2149 effe.
1080 2076 1200 2150 Ne
1259 2073 1424 2172 quis
1481 2071 1694 2148 etiam
1749 2098 1975 2148 errore
2040 2076 2340 2163 labatur,
2400 2076 2723 2151 vestrum

739 2205 794 2238 “
827 2220 1122 2295 quoque
1153 2220 1300 2268 non
1334 2192 1489 2269 sum
1517 2193 1820 2269 securus.
1920 2193 2129 2268 Nihil
2164 2194 2355 2271 enirn
2386 2195 2461 2270 in
2491 2195 2721 2294 speci-

739 2326 794 2361 “
823 2342 940 2391 em
971 2312 1285 2390 fallacius
1317 2314 1442 2401 est,
1465 2340 1685 2413 quam
1712 2340 1922 2413 prava
1948 2314 2219 2415 religio·
2320 2316 2478 2392 Ubi
2510 2320 2719 2393 Deo-

733 2446 790 2480 “
825 2461 987 2510 rum
1045 2460 1317 2510 numen
1367 2434 1849 2533 praetenditur
1900 2433 2297 2525 sceleribus,
2338 2436 2530 2513 subit
2558 2438 2719 2513 ani-

737 2564 790 2600 “
827 2580 1034 2629 mum
1077 2554 1317 2642 timor,
1375 2580 1464 2627 ne
1493 2552 1862 2629 fraudibus
1894 2555 2225 2631 humanis
2254 2557 2723 2635 vindicandis

737 2685 790 2720 “
825 2673 1056 2750 divini
1094 2673 1274 2771 juris
1323 2672 1603 2773 aliquid
1640 2673 2031 2751 inmixtum
2060 2675 2431 2753 violemus.
2534 2681 2721 2756 Hac

736 2804 792 2838 “
824 2820 950 2870 vos
976 2793 1318 2894 religione
1346 2794 1897 2873 innumerabilia
1922 2797 2204 2873 decreta
2236 2798 2715 2896 pontificum,

735 2925 788 2959 “
823 2913 1438 3003 senatusconsulta,
1489 2912 1895 3012 aruspicum
1930 2915 2244 3016 denique
2272 2917 2597 3017 responsa
2625 2920 2717 2993 li-

725 3046 778 3080 “
813 3038 1081 3112 betant.
1179 3034 1483 3137 Qoties
1515 3037 1655 3109 hoc
1682 3056 1961 3132 patrum
1988 3062 2431 3136 avorumque
2478 3060 2715 3117 aetate

732 3166 787 3201 ‘⁴
817 3155 1190 3256 negotium
1235 3154 1336 3229 est
1376 3153 1897 3254 magistratibus
1930 3155 2206 3244 datum,
2246 3179 2327 3231 ut
2360 3156 2547 3232 sacra
2578 3184 2715 3235 ex-

732 3287 785 3322 “
820 3296 1018 3351 terna
1067 3273 1219 3349 fieri
1277 3294 1614 3361 vetarent,
1676 3274 2101 3351 sacrificulos
2137 3276 2469 3374 vatesque
2514 3277 2713 3369 fore,

731 3408 785 3443 “
819 3396 1039 3485 circo,
1099 3397 1274 3470 urbe
1338 3392 1822 3492 prohiberent,
1868 3393 2212 3470 vaticinos
2258 3396 2475 3475 libros
2526 3424 2713 3475 con-

732 3527 784 3562 “
820 3515 1180 3617 quirerent
1207 3515 1881 3612 comburerentque‚
1935 3541 2225 3591 ornnem
2250 3515 2711 3617 disciplinam

731 3650 785 3685 ‘⁸
817 3634 1276 3726 sacrificandi,
1312 3655 1805 3733 praeterquam
1838 3660 2035 3709 more
2062 3638 2427 3725 Romane,
2460 3641 2709 3714 abole-

727 3772 780 3805 “
817 3762 1024 3835 rent?
1123 3754 1560 3853 Judicabant
1590 3752 1786 3829 enim
1824 3754 2341 3854 prudentiflimi
2372 3756 2509 3833 viri
2544 3786 2707 3837 om-

726 3892 781 3927 “
817 3878 928 3955 nis
970 3876 1200 3954 divini
1247 3874 1690 3975 humanique
1727 3875 1935 3972 juris,
1989 3874 2171 3950 nihil
2198 3901 2424 3974 aeque
2460 3878 2704 3955 diffel-

725 4012 778 4048 “
813 4000 1085 4075 vendae
1147 3994 1508 4097 religionis
1560 3996 1721 4085 effe,
1799 4022 2019 4095 quam
2076 3994 2205 4071 ubi
2246 4022 2395 4071 non
2440 3999 2700 4095 patrie,

723 4132 774 4168 ‘⁶
809 4119 932 4197 sed
995 4138 1286 4194 externo
1348 4116 1488 4193 ritu
1562 4114 2076 4193 sacrificaretur.
2208 4117 2417 4193 Haec
2492 4120 2705 4197 vobis
