3100 5359
756 774 901 852 392
1427 746 2070 823 T.L1v11

756 917 1129 997 obtinebat
1175 915 1639 1017 provinciam.
1739 919 1833 1005 Is,
1891 914 2062 1015 quia
2096 940 2362 991 armare
2393 915 2770 1012 juventur:

760 1064 907 1118 tem
960 1038 1353 1117 Celtiberos
1398 1037 1742 1126 audierat,
1795 1042 1865 1110 &
1911 1034 2081 1136 ipse,
2133 1058 2400 1135 quanta
2437 1057 2744 1134 poterat,

760 1188 803 1237 a
852 1160 1055 1238 sociis
1106 1159 1371 1235 auxilia
1423 1179 1906 1245 contraxerat3
1960 1154 2078 1230 sed
2117 1181 2578 1255 nequaquam
2605 1184 2744 1233 nu-

758 1305 957 1355 mero
1001 1279 1319 1354 militum
1371 1278 1644 1353 hostem
1693 1279 2058 1375 aequabat.
2159 1275 2528 1375 Principio
2557 1276 2748 1352 veris

759 1399 1151 1476 exercitum
1197 1397 1273 1473 in
1307 1397 1802 1497 Carpetaniam
1836 1394 2076 1486 duxit,
2125 1398 2202 1471 δε
2232 1397 2450 1473 castra
2481 1395 2748 1473 locavit

755 1522 849 1595 ad
894 1517 1251 1619 oppidum
1298 1522 1693 1607 Aeburam,
1746 1516 2038 1592 modico
2083 1516 2420 1614 praefidio
2449 1516 2526 1590 in
2560 1520 2744 1593 urbe

759 1644 1003 1742 polito.
1106 1639 1357 1716 Paucis
1410 1638 1568 1737 post
1611 1638 1868 1715 diebus
1911 1634 2280 1726 Celtiberi,
2331 1637 2563 1713 millia
2589 1639 2744 1715 duo

760 1760 980 1837 ferme
1006 1759 1203 1849 inde,
1240 1759 1371 1835 sub
1406 1760 1586 1833 colle
1613 1757 2002 1857 posuerunt
2033 1756 2273 1834 castra.
2369 1764 2586 1861 Qos
2607 1758 2742 1835 ubi

758 1882 993 1974 adeffe
1043 1900 1319 1981 praetor
1366 1882 1742 1955 Romanus
1788 1876 2010 1966 sensit,
2063 1880 2182 1951 M.
2215 1876 2564 1953 Fulvium
2609 1877 2740 1953 fra-

758 2022 939 2078 trem
998 2026 1168 2077 cum
1219 2001 1500 2075 duabus
1554 1996 1804 2092 turmis
1851 1995 2205 2072 sociorum
2251 1996 2590 2095 equitum
2647 2000 2738 2073 ad

758 2121 977 2199 castra
1026 2120 1337 2195 hostium
1392 2117 1826 2217 speculatum
1880 2115 2090 2206 misit,
2139 2142 2360 2215 quam
2411 2117 2740 2216 proxime

760 2243 1135 2318 succedere
1194 2242 1286 2316 ad
1344 2240 1611 2315 vallum
1665 2237 1962 2333 juffum,
2014 2258 2098 2311 ut
2145 2236 2424 2327 viseret,
2475 2260 2742 2339 quanta

760 2363 1021 2450 effent3
1072 2385 1317 2462 pugna
1339 2356 1739 2445 abstineret,
1788 2355 2270 2457 reciperetque
2297 2357 2462 2447 sese,
2499 2358 2552 2431 fi
2587 2359 2742 2435 hos-

764 2481 949 2558 tium
991 2482 1391 2581 equitatum
1424 2498 1810 2553 exeuntem
1845 2476 2146 2552 vidiffet.
2244 2479 2378 2567 Ita,
2431 2501 2516 2555 ut
2543 2506 2742 2579 prae-

764 2622 1059 2698 ceptum
1112 2617 1283 2688 erat,
1338 2597 1529 2674 fecit.
1632 2602 1768 2673 Per
1820 2596 1973 2672 dies
2025 2596 2302 2697 aliquot
2345 2597 2529 2673 nihil
2563 2602 2748 2676 ultra

760 2741 1073 2809 motum,
1125 2744 1344 2819 quam
1377 2739 1463 2793 ut
1494 2720 1626 2793 hae
1655 2719 1838 2793 duae
1865 2738 2138 2793 turmae
2165 2718 2738 2795 ostenderenturz

762 2839 933 2916 dein
966 2839 1556 2927 subducerentur,
1605 2840 1736 2913 ubi
1771 2837 2128 2937 equitatus
2159 2837 2474 2913 hostium
2507 2837 2746 2915 castris

760 2960 1376 3061 procucurriffent.
1472 2957 1842 3048 Postremo
1867 2956 2232 3047 Celtiberi,
2283 2957 2628 3035 omnibus
2659 2961 2744 3035 fi-

763 3083 919 3159 mul
977 3080 1306 3180 pediturn
1364 3078 1844 3179 equitumque
1889 3077 2116 3177 copiis
2177 3078 2410 3153 castris
2469 3083 2740 3180 egreffi,

762 3201 914 3279 acie
956 3201 1223 3277 dire&a
1260 3200 1503 3277 medio
1556 3199 1777 3275 ferme
1827 3198 2051 3297 spatio
2093 3198 2275 3273 inter
2312 3198 2482 3275 bina
2525 3202 2746 3277 castra

760 3320 1247 3401 constiterunt.
1346 3322 1664 3419 Campus
1703 3340 1848 3394 erat
1886 3320 2137 3417 planus
2169 3319 2403 3395 omnis
2431 3325 2502 3395 δε
2535 3342 2742 3421 aptus

762 3466 1073 3542 pugnae.
1176 3440 1289 3518 Ibi
1328 3441 1571 3516 stetere
1607 3438 1914 3539 Hispani
1942 3438 2214 3515 hostem
2239 3438 2742 3537 exspeRantes.

760 3562 1141 3637 Romanus
1192 3560 1378 3635 intra
1419 3563 1686 3637 vallum
1727 3558 1885 3634 suos
1923 3558 2282 3636 continuit
2312 3586 2440 3658 per
2471 3562 2740 3659 quatri-

761 3682 997 3755 duum
1056 3680 1524 3756 continuum:
1579 3666 1654 3753 82
1695 3678 1798 3753 illi
1849 3681 2110 3755 eodem
2152 3681 2315 3757 loco
2357 3679 2586 3757 aciem
2631 3682 2740 3757 in-

764 3802 1097 3877 structam
1141 3820 1542 3875 tenuerunt.
1643 3802 1766 3875 Ab
1819 3800 2172 3877 Romanis
2207 3800 2390 3875 nihil
2431 3824 2743 3879 motum.

765 3922 942 3997 Inde
994 3918 1327 4019 quievere
1380 3918 1457 3994 in
1514 3919 1748 3995 castris
1807 3920 2176 4011 Celtiberi,
2225 3919 2398 4021 quia
2454 3948 2738 4023 pugnae

760 4040 967 4140 copia
1022 4065 1167 4114 non
1232 4040 1487 4115 flebat:
1542 4039 1816 4141 equites
1877 4062 2158 4117 tantum
2222 4040 2300 4117 in
2365 4041 2738 4121 stationem

762 4159 1329 4261 egrediebantur,
1378 4180 1464 4237 ut
1499 4159 1734 4262 parati
1778 4160 2018 4250 efl‘ent,
2069 4166 2118 4239 fi
2165 4163 2349 4265 quid
2391 4165 2486 4240 ab
2539 4163 2736 4242 hoste
