3100 5359
779 853 1195 934 TITI
1326 855 1830 936 LIVII

590 1073 891 1170 PA
1031 1077 1305 1172 TA
1445 1051 2210 1172 VJNJ‘

602 1341 918 1416 LIBER
968 1343 1606 1419 TRIGESIMUS
1653 1342 2071 1418 SEXTUS.

344 1597 403 1669 Ῑ·
442 1535 557 1688 P
570 1653 607 1689 ο
648 1611 1153 1688 Consanum
1188 1617 1325 1689 Cn.
1359 1613 1592 1688 filium
1625 1611 2032 1712 Scipionem
2067 1614 2136 1684 δε
2172 1612 2309 1686 Μ’.
2393 1709 2404 1716 ·

344 1728 667 1805 Acilium
714 1731 1183 1808 Glabrionem
1236 1733 1582 1822 consuleS,
1643 1732 1823 1808 inito
1877 1731 2308 1832 magistratu,

343 1851 605 1938 Patres»,
654 1849 1070 1950 priusquam
1090 1854 1181 1928 de
1211 1852 1596 1950 provinciis
1624 1873 1934 1952 agerent,
1985 1879 2092 1927 res
2126 1851 2308 1926 divi-

340 1995 461 2045 nas
491 1969 721 2049 facere
774 1971 1157 2068 majoribus
1215 1971 1459 2048 hostiis
1484 1974 1830 2069 jusserunt
1863 1972 1940 2047 in
1972 1971 2308 2047 omnibus

338 2088 545 2179 fanis,
608 2089 687 2165 in
742 2091 1011 2190 quibus
1072 2091 1580 2168 lectisternium
1639 2092 1974 2190 majorem
2039 2113 2309 2191 partem

335 2210 502 2286 anni
532 2209 685 2286 fieri
738 2210 947 2300 solet3
981 2211 1419 2311 precarique,
1471 2214 1674 2311 quod
1699 2211 1970 2288 senatus
1998 2213 2088 2286 de
2121 2237 2310 2286 novo

338 2333 531 2406 bello
584 2331 661 2406 in
691 2332 933 2406 animo
965 2334 1277 2421 haberet,
1327 2354 1413 2407 ut
1477 2359 1560 2406 ea
1602 2358 1708 2406 res
1760 2329 2028 2406 senatui
2079 2356 2309 2429 popu-

338 2453 555 2551 loque
616 2454 957 2527 Romano
1010 2455 1193 2527 bene
1247 2479 1327 2528 ac
1383 2451 1682 2526 feliciter
1746 2449 2081 2526 eveniret.
2201 2453 2310 2524 Ea

338 2569 582 2646 omnia
618 2569 955 2647 sacrificia
1009 2574 1191 2648 laeta
1240 2571 1556 2661 fuerunt,
1607 2569 2028 2670 primisque.
2068 2569 2312 2644 hostiis

334 2691 741 2792 perlitatum
790 2689 923 2766 est:
976 2695 1045 2768 δι
1096 2692 1195 2766 ita
1242 2691 1592 2791 aruspices
1640 2690 2172 2790 responderunt,
2225 2716 2312 2765 eo

338 2815 529 2887 bello
564 2810 903 2887 terminos
937 2811 1189 2912 populi
1222 2811 1541 2887 Romani
1575 2809 1970 2910 propagari,
2019 2809 2308 2885 victori·

336 2958 451 3006 am
472 2957 553 3006 ac
576 2931 1025 3029 triumphum
1043 2931 1342 3008 ostendi.
1413 2933 1623 3007 Haec
1650 2956 1882 3029 quum
1903 2929 2316 3006 renunciata

338 3053 578 3140 effent,
631 3051 873 3126 solutis
901 3051 1243 3151 religione
1269 3050 1552 3140 animis,
1605 3054 1842 3126 Patres
1871 3048 2312 3150 rogationem

337 3173 431 3245 ad
456 3173 813 3270 populum
848 3167 1007 3247 ferri
1031 3173 1411 3269 jufferunt:
1466 3182 1517 3216 “
1555 3172 1838 3245 Vellent
1857 3171 2310 3267 juberentne‚

339 3301 389 3336 “
432 3319 607 3366 cum
663 3291 1031 3368 Antiocho
1064 3317 1255 3392 rege,
1308 3291 1588 3391 quique
1621 3289 1876 3365 sectam
1911 3291 2058 3387 ejus
2089 3289 2311 3365 secuti

338 3422 387 3456 “
424 3415 667 3501 essent,
719 3415 991 3488 bellum
1026 3411 1189 3486 iniri
1210 3415 1283 3486 ?”
1333 3416 1379 3486 si
1408 3439 1490 3486 ea
1524 3409 1796 3510 rogatio
1827 3411 2090 3509 perlata
2115 3411 2335 3502 esset,-

337 3551 523 3620 tum,
575 3535 625 3606 fi
658 3532 757 3607 ita
787 3535 1147 3608 videretur
1172 3531 1609 3620 consulibus,
1660 3557 1810 3606 rem
1845 3531 2190 3630 integram
2215 3529 2309 3604 ad

334 3651 659 3727 senatum
693 3651 1048 3728 referrent.
1150 3655 1231 3728 P.
1270 3651 1644 3727 Cornelius
1670 3677 1829 3725 eam
1861 3649 2306 3750 rogationem

340 3772 649 3870 pertulit.
750 3775 951 3846 Tum
995 3771 1268 3847 senatus
1301 3771 1641 3860 decrevit,
1691 3793 1774 3845 ut
1819 3767 2138 3845 consules
2171 3771 2308 3844 Ita-

336 3893 501 3967 liam
529 3898 599 3966 &
626 3892 995 3966 Graeciam
1024 3890 1417 3991 provincias
1443 3889 1888 3978 sortirentur-3
1942 3890 2062 3966 cui
2087 3893 2308 3964 Grae-

338 4013 447 4088 cia
472 4013 831 4100 evenifl'et,
883 4035 966 4086 ut
1016 4034 1285 4110 praeter
1322 4038 1491 4086 eum
1536 4038 1920 4086 numerum
1963 4009 2306 4100 militum,

338 4159 553 4233 quem
587 4137 681 4210 L.
716 4132 1103 4234 Qinffius
1141 4131 1217 4208 in
1256 4159 1411 4209 eam
1440 4129 1884 4232 provinciam
1936 4157 2027 4206 ex
2069 4131 2307 4206 aufto-
