3100 5359
1047 705 1785 790 LtnnnXL.
2272 735 2417 812 423

447 871 814 964 montibus
847 883 1177 984 inposuit.
1277 885 1615 963 Celeriter
1645 885 1832 960 &ex
1864 877 2228 983 provincia
2256 882 2419 958 lite-·

443 1033 562 1084 rae
601 1010 916 1082 Romam
960 1025 1328 1081 venerunt.
1427 1005 1990 1104 Supplicationes
2032 1005 2130 1079 ob
2162 1027 2275 1078 eas
2306 1029 2415 1078 res

445 1123 669 1228 gestas
712 1125 792 1200 in
833 1125 1156 1201 triduum
1201 1127 1519 1201 decretae
1565 1124 1748 1201 sunt.
1849 1129 2204 1200 Praetores
2238 1145 2413 1222 qua·

445 1246 770 1347 draginta
813 1243 1056 1320 hostiis
1109 1245 1490 1343 majoribus
1528 1269 1655 1345 per
1688 1243 2229 1344 supplicationes
2262 1269 2413 1318 rem

445 1365 766 1444 divinam
815 1361 1158 1441 fecerunt.
1257 1362 1382 1442 Ab
1425 1368 1641 1442 altero
1683 1365 1969 1442 consule
2013 1364 2099 1438 L.
2136 1363 2419 1440 Manlio

443 1483 626 1558 nihil
673 1486 1019 1561 memoria
1061 1484 1370 1586 dignum
1418 1485 1495 1560 in
1541 1484 1945 1584 Liguribus
1982 1483 2081 1559 est
2114 1483 2415 1584 gestum.

447 1604 639 1680 Galli
667 1604 1143 1705 Transalpini,
1192 1604 1327 1681 tria
1346 1604 1571 1680 millia
1602 1604 2012 1693 hominum,
2031 1605 2115 1678 -in
2142 1603 2417 1680 Italiam

445 1724 854 1826 transgreffi,
905 1725 1294 1802 neminem.
1335 1728 1527 1801 bello
1594 1726 2019 1811 lacessentes,
2070 1749 2325 1823 agrum
2377 1749 2417 1797 a

447 1844 858 1921 consulibus
877 1845 954 1918 &
983 1845 1220 1921 senatu
1245 1848 1605 1943 petebant,
1661 1865 1741 1918 ut
1769 1843 1997 1942 pacati
2031 1842 2159 1919 sub
2194 1842 2419 1942 irnpe-

447 1961 556 2038 rio
600 1963 852 2064 populi
896 1965 1212 2041 Romani
1259 1967 1497 2040 essent.
1602 1968 1746 2039 Eos
1774 1963 2047 2038 senatus
2079 1962 2421 2038 excedere

447 2082 881 2182 Italiajuffit,
935 2089 1004 2159 ὅτ
1039 2084 1404 2161 consulem
1431 2083 1899 2186 QFulvium
1933 2107 2291 2180 quaerere,
2342 2082 2425 2156 &-

447 2203 999 2280 animadvertere
1051 2204 1128 2278 in
1181 2231 1327 2292 eos,
1389 2203 1520 2304 qui
1574 2202 1931 2303 principes
1978 2207 2047 2278 ὅτ
2100 2204 2419 2278 auctores

449 2324 990 2401 transcendendi
1021 2327 1243 2425 Alpes
1269 2324 1577 2399 fuiffent.

546 2445 747 2522 le.
799 2446 1083 2520 Eodem
1115 2469 1306 2520 anno
1340 2444 1721 2542 Philippus
1746 2469 1872 2548 tert
1894 2445 2419 2532 Macedonum,

451 2565 644 2642 senio
676 2570 744 2641 ὃ(
769 2590 1085 2642 moerore
1119 2563 1532 2640 consumtus
1566 2563 1721 2663 post
1750 2588 2055 2642 mortem
2084 2563 2243 2653 filii,
2297 2565 2419 2638 de-

449 2689 660 2762 ceffit.
763 2683 1220 2760 Demetriade
1279 2683 1725 2773 hibernabat,
1780 2711 2012 2786 quum
2079 2684 2421 2762 defiderio

449 2804 705 2882 anxius
765 2804 923 2895 filii,
1007 2825 1168 2879 tum
1233 2804 1673 2903 poenitentia
1735 2803 2171 2880 crudelitatis
2237 2803 2421 2879 suae.

447 2926 875 3002 Stimulabat
923 2922 1248 2998 animum
1293 2924 1368 2997 &
1401 2925 1575 2999 alter
1600 2923 1815 3012 filius,
1868 2925 2064 2998 haud
2094 2923 2315 2999 dubie
2350 2927 2423 3000 &

454 3044 579 3121 sua
631 3049 700 3121 &
745 3043 1045 3119 aliorum
1091 3041 1432 3138 opinione
1461 3069 1613 3131 rest,
1663 3046 2115 3142 converfique
2151 3042 2221 3118 in
2252 3067 2423 3119 eum

450 3163 783 3244 omnium
809 3160 1030 3249 oculi,
1082 3165 1147 3234 δι
1185 3160 1518 3236 destituta
1549 3161 1903 3250 senectus3
1954 3162 2109 3238 aliis
2142 3162 2422 3263 exspec-
2538 3195 2545 3202 ·

451 3283 769 3361 rantibus
836 3282 1031 3357 suam
1099 3301 1430 3369 mortem,
1479 3282 1635 3356 aliis
1696 3309 1787 3356 ne
1852 3281 2425 3384 exspectantibus

447 3403 771 3504 quidem.
823 3407 996 3502 Qo
1017 3400 1239 3500 magis
1265 3404 1683 3500 angebatur,
1711 3407 1780 3477 ὅτ
1807 3428 1977 3478 cum
1999 3429 2087 3479 eo
2108 3403 2417 3504 Antigo-

451 3549 588 3598 nus
648 3521 1054 3598 Echecratis
1107 3520 1322 3607 filius,
1377 3545 1641 3595 nomen
1665 3522 1897 3621 patrui
1936 3525 2285 3624 Antigoni
2322 3524 2419 3600 fe-

451 3669 634 3732 rens,
685 3641 816 3742 qui
848 3662 1038 3716 tutor
1071 3639 1389 3738 Philippi
1423 3639 1674 3728 fuerat,
1707 3641 1935 3742 regiae
1970 3643 2077 3718 vir
2111 3645 2417 3742 majesta-

453 3762 570 3852 tis,
651 3761 878 3836 nobili
957 3761 1172 3835 etiam
1239 3785 1482 3860 pugna
1558 3761 1885 3836 adversus
1956 3766 2420 3862 Cleomenem

455 3879 1106 3958 Lacedaemonium
1153 3881 1398 3954 clarus.
1513 3883 1865 3956 Tutorem
1917 3910 2083 3958 eum
2138 3885 2419 3971 Graeci,

455 4021 538 4078 ut
580 3999 1010 4100 cognomine
1038 4025 1079 4073 a
1112 3999 1358 4074 ceteris
1391 3999 1679 4098 regibus
1714 4000 2247 4102 distinguerent,
2296 4007 2419 4078 ad-

457 4123 828 4222 pellatunt.
927 4120 1175 4216 Hujus
1209 4116 1433 4196 fratris
1465 4119 1655 4216 filius
1702 4121 2112 4222 Antigonus
2158 4149 2249 4199 ex
2296 4125 2419 4199 ho-

1339 4239 1403 4312 E
1437 4263 1476 4310 e
1530 4262 1572 4337 5
