3100 5359
1030 696 1496 773 Lrenn
1597 698 1768 775 XL.
2266 720 2409 803 395

421 867 759 945 militaria
774 868 1141 969 onoginta
1172 872 1357 946 0⁶10.
1458 874 1738 971 Magna
1759 868 2079 960 victoria,
2131 895 2278 947 non
2302 892 2404 948 ta-

420 1015 593 1065 men
619 990 986 1065 incruenta
1008 989 1167 1065 fuit.
1219 990 1536 1066 Romani
1571 993 1663 1065 de
1689 993 1970 1068 duabus
1998 970 2401 1090 legionibus

424 1110 689 1185 milites
733 1112 975 1209 paullo
1007 1114 1169 1209 plus
1202 1110 1525 1199 ducenti,
1576 1110 1848 1187 socium
1884 1110 2133 1186 Latini
2168 1110 2403 1188 nomi-

424 1230 539 1306 nis
592 1229 987 1330 octingenti
1060 1230 1375 1329 triginta,
1437 1250 1894 1306 externorum
1947 1229 2404 1308 auxiliarium

416 1352 577 1425 duo
652 1350 877 1426 millia
952 1348 1173 1425 ferme
1239 1353 1307 1425 &
1376 1349 1882 1451 quadringenti
1965 1350 2402 1427 ceciderunt.

423 1474 711 1548 Praetor
780 1471 856 1546 in
923 1470 1141 1547 castra
1204 1468 1549 1545 victorem
1617 1469 2014 1545 exercitum
2091 1470 2403 1549 reduxit.

422 1589 707 1667 Acilius
732 1617 1014 1666 manere
1048 1590 1125 1664 in
1155 1588 1389 1665 castris
1412 1571 1512 1665 ‘ab
1545 1589 1612 1664 se
1647 1589 1869 1689 captis
1887 1591 2134 1688 juffuS.
2236 1590 2402 1667 Pos-

420 1730 574 1785 tero
610 1709 729 1785 die
770 1709 991 1809 spolia
1040 1712 1134 1784 de
1172 1709 1493 1785 hostibus
1538 1712 1743 1799 lecta,
1795 1714 1864 1785 ὅτ
1889 1736 2020 1809 pro
2055 1709 2402 1803 concione

420 1830 695 1920 donati,
746 1856 1056 1931 quorum
1082 1828 1306 1905 virtus
1340 1829 1624 1928 insignis
1656 1828 1902 1904 fuerat.

520 1952 879 2029 XXXIII.
976 1947 1247 2025 Sauciis
1269 1948 1531 2024 deinde
1551 1947 1626 2022 in
1647 1947 2002 2048 oppidum
2032 1952 2401 2028 Aeburam

419 2071 761 2161 devec'tiS,
810 2096 937 2171 per
986 2069 1482 2169 Carpetaniam
1528 2070 1622 2143 ad
1655 2067 2116 2146 Contrebiam
2145 2070 2402 2157 ductae

418 2191 761 2291 legiones.
862 2194 971 2267 Ea
1014 2192 1190 2266 urbs
1233 2187 1697 2277 circumseffa,
1749 2214 1983 2287 quum
2017 2216 2058 2264 a
2091 2190 2403 2267 Celtibe-

420 2310 515 2387 ris
546 2310 813 2387 auxilia
836 2313 1219 2399 arceffifl‘et,
1268 2307 1706 2385 morantibus
1735 2308 1847 2398 iis,
1901 2334 2048 2385 non
2075 2310 2248 2410 quia
2279 2312 2402 2413 ipfi

421 2431 739 2509 cunctati
792 2428 978 2519 sunt,
1028 2428 1148 2505 sed
1183 2427 1357 2529 quia
1390 2428 1739 2529 profectos
1771 2457 1812 2503 a
1845 2431 2068 2506 domo
2095 2430 2400 2533 inexpli-

422 2553 684 2629 cabiles
717 2550 1078 2628 continuis
1106 2548 1460 2625 imbribus
1483 2548 1638 2625 viae
1671 2549 1747 2622 &
1782 2548 2008 2627 inflati
2037 2578 2280 2629 amnes
2300 2573 2400 2629 te·-

426 2676 715 2761 nebant‚
766 2670 1127 2771 desperato
1169 2668 1441 2745 auxilio
1474 2667 1793 2757 suorum,
1846 2669 1922 2745 in
1954 2670 2402 2750 deditionem

426 2792 653 2868 venit.
708 2794 1007 2868 Flaccus
1039 2786 1361 2890 quoque,
1386 2787 1918 2888 tempestatibus
1943 2789 2170 2868 foedis
2203 2819 2404 2869 coac-

423 2933 566 3002 tus,
588 2912 984 2987 exercitum
1016 2936 1309 2986 omnem
1332 2909 1409 2983 in
1438 2912 1692 2985 urbem
1717 2908 2138 2986 introduxit.
2240 2914 2402 2988 Cel-

424 3032 663 3122 tiberi,
715 3032 845 3130 qui
878 3059 921 3106 a
944 3033 1166 3107 domo
1197 3028 1493 3131 profecti
1526 3048 1748 3118 erant,
1785 3027 2172 3106 deditionis
2203 3029 2400 3131 igna-

423 3152 512 3241 ri,
566 3177 798 3251 quum
828 3153 1143 3239 tandem,
1196 3148 1555 3250 superatis,
1606 3148 1739 3226 ubi
1773 3150 2090 3250 primum
2120 3150 2399 3227 remise·-

424 3294 593 3349 runt
617 3273 907 3361 imbres»,
936 3270 1295 3359 amnibus,
1332 3271 1792 3348 Contrebiam
1824 3270 2190 3360 venlffent,
2211 3272 2399 3371 post-

424 3418 643 3493 quam
720 3392 936 3468 castra
1004 3392 1201 3467 nulla
1252 3412 1449 3465 extra
1510 3390 1794 3467 moenia
1855 3390 2216 3481 viderunt,
2279 3414 2406 3469 aut

424 3512 505 3590 in
522 3514 809 3587 alteram
829 3532 1097 3611 partem
1122 3514 1440 3587 transsata
1465 3509 1622 3599 rati,
1651 3531 1776 3585 aut
1793 3513 2118 3587 receffifl'e
2143 3513 2400 3605 hosteS,

424 3659 551 3732 per
598 3631 1123 3732 neglegentiam
1173 3632 1367 3707 effusi
1412 3632 1506 3706 ad
1546 3630 1901 3730 oppidum
1944 3632 2402 3711 accefi'erunt.

426 3754 515 3829 In
539 3779 660 3829 eos
680 3755 962 3829 duabus
986 3752 1205 3851 portis
1232 3752 1549 3827 Romani
1576 3750 2024 3851 eruptionem
2053 3751 2399 3843 fecerunt,

424 3878 495 3949 ἃ
534 3873 1035 3971 incompositos
1064 3870 1292 3947 adorti
1328 3870 1691 3947 fuderunt.
1791 3878 1998 3974 Qae
2032 3899 2138 3948 res
2169 3876 2263 3950 ad
2294 3901 2401 3950 re-

424 3994 807 4070 sistendum
834 4019 955 4069 eos
982 3996 1049 4068 δε
1077 3993 1171 4068 ad
1202 3990 1690 4091 capefl'endam
1715 4016 2034 4091 pugnam
2068 3990 2398 4091 inpediit,

426 4116 631 4217 quod
650 4140 795 4190 non
824 4138 977 4191 uno
1006 4112 1321 4215 agmine,
1359 4137 1493 4188 nec
1522 4113 1618 4188 ad
1651 4113 1840 4213 figna
1863 4110 2266 4212 frequentes
2282 4141 2400 4191 ve-
