3100 5359
1011 701 1468 782 Lrann
1568 698 1739 781 XL.
2216 721 2359 809 379

387 893 617 984 nuper
637 899 986 980 eruperat,
1009 879 1322 980 ignarus,
1345 877 1582 978 primo
1602 902 1835 978 neque
1857 901 2217 979 magnam,
2240 897 2363 954 ne*⁸

379 1029 523 1104 que
544 1003 814 1080 nullam
849 999 1042 1099 spem
1063 1002 1396 1088 habebat,
1431 1019 1709 1096 patrem
1740 997 1871 1072 fibi
1906 997 2168 1095 placari
2203 996 2359 1098 pos-

382 1122 474 1199 se.
574 1121 834 1198 Minus
885 1119 1149 1195 deinde
1193 1120 1272 1193 in
1311 1119 1466 1194 dies
1499 1115 1717 1216 patris
1764 1116 2011 1193 animo
2056 1119 2353 1206 fidebat,

379 1267 613 1345 quum
641 1239 942 1318 obsideri
961 1265 1162 1316 aures
1180 1267 1222 1315 a
1251 1239 1460 1316 fratre
1481 1259 1818 1315 cerneret.
1917 1241 2196 1338 Itaque,
2223 1239 2358 1316 cir-·

385 1360 860 1462 cumspiciens
878 1360 1070 1436 dicta
1088 1359 1412 1460 factaque
1433 1359 1579 1448 sua,
1602 1385 1693 1434 ne
1714 1360 1919 1457 cujus
1936 1357 2363 1460 suspiciones

379 1502 698 1584 augeret,
731 1481 1050 1556 maxime
1069 1484 1162 1557 ab
1183 1479 1388 1556 omni
1419 1479 1788 1556 mentione
1826 1485 1896 1556 ἃ
1926 1481 2357 1582 contagione

380 1606 886 1679 Romanorum
945 1601 1382 1690 abstinebat,
1479 1620 1565 1676 ut
1644 1626 1883 1700 neque
1944 1600 2151 1678 scribi
2230 1604 2355 1682 fibi

385 1727 622 1814 vellet,
649 1723 822 1824 quia
839 1724 978 1798 hoc
999 1720 1376 1822 praecipue
1395 1719 1785 1796 criminum
1806 1747 2059 1822 genere
2080 1724 2359 1824 exaspes

320 1859 328 1862 ’
383 1845 518 1921 rari
553 1843 878 1919 animum
913 1841 1272 1918 sentiebatr

482 1967 694 2041 XXI.
795 1962 1198 2060 Philippus,
1251 1965 1454 2038 fimul
1507 1989 1599 2038 ne
1632 1962 1785 2038 otio
1814 1964 2018 2043 miles
2050 1969 2357 2048 deterior

385 2087 606 2174 fieret,
659 2085 863 2159 fimul
916 2083 1332 2158 avertendae
1386 2081 1799 2181 suspicionis
1852 2091 2082 2162 causs‘a
2140 2091 2357 2190 quid·

383 2230 606 2305 quam
641 2231 684 2279 a
712 2202 780 2279 se
807 2202 1060 2304 agitari
1084 2205 1176 2279 de
1213 2207 1552 2280 Romano
1580 2205 1793 2292 bello,
1844 2206 2101 2284 Stobos
2135 2214 2355 2287 Paeo-

384 2323 544 2412 niae
589 2323 904 2400 exercitu
961 2321 1262 2411 indicto,
1313 2323 1392 2398 in
1431 2322 1851 2400 Maedicam
1894 2328 2157 2405 ducere
2201 2357 2357 2430 per-

383 2443 512 2546 git.
625 2442 918 2543 Cupido
981 2468 1152 2518 eum
1217 2463 1494 2542 ceperat
1543 2443 1619 2518 in
1678 2444 2023 2522 verticem
2084 2451 2357 2528 Haemi

384 2563 652 2640 montis
675 2561 1182 2654 adscendendi,
1217 2563 1393 2662 quia
1421 2565 1751 2664 vulgatae
1770 2564 2095 2663 opinioni
2126 2572 2355 2647 credi-

381 2686 606 2774 derat,
659 2683 1046 2761 Ponticum
1091 2687 1298 2760 fimul
1349 2688 1419 2760 &
1464 2683 1975 2762 Hadriaticum
2017 2715 2233 2780 mare,
2286 2698 2357 2770 δε

383 2805 722 2882 Histrum
773 2831 1091 2894 amnem,
1141 2808 1211 2879 az
1266 2805 1489 2904 Alpes
1533 2803 1853 2903 conspici
1906 2811 2141 2906 poffet
2192 2810 2359 2890 sub·

373 2927 566 3024 jecta
605 2924 836 3002 oculis
877 2951 962 3000 ea
991 2926 1188 3000 haud
1221 2925 1420 3024 parvi
1454 2924 1581 3001 fibi
1608 2926 1957 3001 momenti
1993 2926 2231 3006 futura
2260 2921 2373 3008 ad'

381 3045 894 3146 cogitationem
937 3044 1254 3120 Romani
1290 3045 1482 3121 belli.
1583 3049 2091 3124 Percunctatus
2122 3050 2355 3150 regio-

383 3166 498 3242 nis
540 3165 803 3267 peritos
847 3167 940 3240 de
989 3162 1327 3241 adscensu
1372 3166 1673 3254 Haemi,
1722 3191 1955 3265 quum
1992 3167 2147 3244 satis
2172 3169 2354 3246 inter

383 3311 634 3362 ornnes
659 3285 1029 3375 constaret,
1079 3284 1270 3360 viam
1297 3285 1642 3362 exercitui
1668 3287 1941 3362 nullam
1972 3288 2135 3378 effe,
2176 3315 2353 3388 pau·

383 3405 486 3482 cis
539 3410 609 3482 &
663 3404 1015 3506 expeditis
1066 3404 1701 3504 perdifficillimum
1745 3404 2053 3495 aditum,
2102 3427 2188 3484 ut
2217 3408 2351 3485 ser-

383 3551 602 3602 mone
621 3524 951 3602 familiari
976 3524 1328 3602 minorem
1355 3524 1587 3602 filiurn
1606 3529 2101 3626 permulceret,
2130 3553 2353 3627 quem

385 3647 713 3723 statuerat
763 3671 909 3722 non
958 3646 1220 3722 ducere
1267 3645 1533 3735 secum,
1582 3645 1903 3745 primum
1944 3647 2221 3746 quaerit
2256 3653 2351 3730 ab

385 3793 502 3855 e0,
552 3777 606 3812 “
641 3771 898 3868 Qum
945 3785 1136 3842 tanta
1178 3765 1556 3842 difficultas
1590 3763 1857 3842 itineris
1889 3787 2349 3868 proponatur,

387 3897 442 3932 ‘⁸
477 3905 720 3962 utrum
763 3885 1348 3986 perseverandum
1403 3889 1482 3960 fit
1527 3884 1601 3960 in
1649 3885 1963 3984 incepto,
2013 3915 2104 3963 an
2140 3891 2349 3968 absti-

387 4015 440 4052 “
477 4007 856 4082 nendum?
955 4005 1029 4081 Si
1063 4026 1309 4107 pergat
1349 4027 1589 4080 tamen
1622 4003 1751 4094 ire,
1802 4031 1947 4081 non
1990 4009 2181 4106 posse
2218 4013 2347 4086 ob-

385 4138 440 4172 “
476 4126 708 4206 livisci·
741 4126 810 4203 se
855 4126 934 4203 in
974 4125 1230 4204 talibus
1259 4129 1470 4204 rebus
1495 4123 1895 4228 Antigoni:
1945 4125 2102 4225 qui,
2152 4127 2349 4206 saeva
