3100 5359
849 695 924 768 L
975 719 1004 768 1
1063 719 1104 774 n
1162 719 1206 768 E
1261 720 1309 770 n
1411 699 1837 772 xxxvm.
2186 721 2325 798 235

365 873 423 906 “
467 865 776 963 tyrannis
808 867 1332 970 castellanisque
1373 871 1598 946 deviis
1644 871 2035 972 colligens?
2134 869 2341 971 Qid

360 994 416 1028 “
461 984 652 1059 enim
677 986 812 1061 tibi
847 1014 1020 1064 cum
1053 991 1460 1065 Oroandis?
1513 991 1695 1090 quid
1730 1016 1898 1066 cum
1926 989 2078 1064 aliis
2110 1016 2337 1087 aeque

361 1114 416 1148 “
459 1104 776 1181 innoxiis·
801 1095 1144 1206 populis?
1245 1112 1521 1186 Bellum
1558 1132 1794 1185 autem
1825 1109 2087 1208 ipsum,
2138 1110 2337 1206 cujus

361 1235 418 1268 “
460 1227 749 1301 nomine
801 1228 1249 1326 triumphurn
1295 1230 1501 1329 petiS,
1556 1258 1704 1329 quo
1756 1233 1979 1306 modo
2032 1228 2332 1328 geffisti?

363 1355 426 1388 ‘⁴'
463 1349 667 1422 Loco
709 1375 966 1446 aequ0,
1005 1371 1316 1448 ternpore
1349 1373 1478 1424 tuo
1511 1345 1895 1450 pugnasti?
1996 1354 2119 1426 Tu
2168 1375 2337 1426 vero

363 1476 424 1510 ‘⁴
459 1469 667 1554 recte,
699 1489 780 1543 ut
811 1469 968 1543 Diis
1004 1469 1495 1560 inmortalibus
1522 1473 1747 1546 honos
1781 1473 2145 1559 habeatur,
2178 1470 2333 1568 pos-

363 1597 422 1630 “
461 1588 670 1660 tulas:
694 1587 1038 1685 primurn,
1068 1592 1268 1688 quod
1290 1617 1418 1689 pro
1445 1590 1833 1664 temeritate
1867 1590 2333 1688 imperatoris,

359 1717 420 1751 “
457 1709 655 1781 nullo
661 1709 820 1803 jure
841 1710 1164 1808 gentium
1187 1713 1452 1784 bellum
1479 1709 1862 1798 inferentiS,
1878 1713 2339 1808 poenasluere

364 1838 420 1872 “
457 1828 848 1904 exercitum
903 1833 1324 1904 nolueruntz
1402 1829 1690 1918 deinde,
1776 1832 1975 1927 quod
2040 1833 2333 1921 belluaS,

363 1958 420 1992 ‘⁶
457 1975 601 2022 non
628 1949 882 2038 hostes,
905 1949 1112 2024 nobis
1136 1951 1631 2046 objecerunt.''.

457 2071 731 2143 XLVI.
833 2081 883 2113 “
921 2069 1168 2144 Nolite
1239 2096 1506 2144 nornen
1581 2057 1856 2144 tantum
1934 2068 2329 2145 existimare

365 2202 420 2236 “
458 2191 769 2265 mixtum
825 2189 955 2264 ess'e
1017 2193 1665 2289 Gallograecorum.
1766 2190 2014 2263 Multo
2058 2211 2218 2264 ante
2256 2191 2329 2264 δι

366 2323 422 2357 “
455 2337 746 2409 corpora
795 2315 864 2384 &
916 2309 1136 2384 animi
1191 2309 1400 2384 mixti
1445 2337 1525 2384 ac
1560 2307 1786 2384 vitiati
1826 2308 2007 2384 sunt.
2108 2315 2256 2398 An,
2283 2313 2331 2383 fi

366 2442 422 2475 ‘⁶
461 2431 560 2505 illi
591 2430 780 2506 Galli
808 2433 1044 2518 essent,
1093 2457 1262 2505 cum
1290 2431 1557 2529 quibus
1584 2429 1838 2504 millies
1857 2429 2047 2504 vario
2072 2451 2329 2504 eventu

369 2562 422 2595 “
459 2549 536 2624 in
569 2552 768 2626 Italia
792 2573 1191 2651 pugnaturn
1237 2551 1364 2640 est,
1424 2572 1774 2650 quantum
1809 2549 1887 2624 in
1918 2550 2331 2649 imperatore

367 2683 419 2714 “
455 2671 686 2746 nostro
720 2671 886 2759 fuit,
922 2670 1229 2745 nuncius
1255 2669 1450 2746 illinc
1478 2670 1807 2746 rediffet?
1908 2668 2023 2750 Bis
2046 2696 2219 2746 cum
2246 2669 2333 2744 iis

367 2803 422 2835 ‘⁸
459 2813 858 2890 pugnatum
903 2791 1026 2878 est,
1075 2792 1184 2868 bis
1229 2793 1389 2866 loco
1449 2791 1705 2890 iniquo
1750 2790 1991 2879 subiit,
2037 2791 2115 2866 in
2148 2793 2341 2896 valle³

369 2923 422 2956 “
461 2911 784 2986 inferiore
819 2912 1124 3010 pedibus
1155 2939 1334 3010 pene
1379 2910 1693 2986 hostium
1738 2910 1965 2986 aciem
2012 2909 2326 3008 subjecit.

367 3041 423 3075 “
459 3035 568 3106 Ut
595 3059 740 3104 non
767 3033 904 3106 tela
927 3058 1016 3106 ex
1043 3031 1392 3130 superiore
1423 3033 1585 3107 loco
1611 3031 1995 3120 mitterent,
2024 3031 2145 3106 sed
2174 3059 2327 3106 cor-

371 3162 424 3196 “
457 3178 626 3250 pora
648 3151 770 3226 sua
793 3149 988 3224 nuda
1019 3151 1408 3248 injicerent,
1437 3155 1736 3234 obruere
1762 3177 1891 3226 nos
1922 3172 2327 3250 potuerunt.

367 3283 422 3315 ‘⁶
455 3270 664 3373 Qid
725 3269 943 3371 igitur
986 3271 1295 3346 incidit?
1407 3274 1707 3376 Magna·
1741 3272 2023 3348 fortuna
2076 3272 2327 3370 populi

368 3403 422 3436 “
458 3392 774 3466 Romani
809 3393 934 3481 est,
969 3417 1313 3492 magnum
1344 3393 1418 3464 δε
1454 3392 1759 3468 terribile
1792 3416 2079 3468 nomen.
2178 3395 2327 3468 Re·

372 3522 423 3555 “
456 3513 644 3587 centi
715 3513 920 3587 ruina
990 3511 1449 3600 Hannibalis,
1528 3512 1873 3611 Philippi,
1952 3512 2326 3600 Antiochi,

371 3641 420 3675 ‘⁶
455 3657 672 3732 prope
727 3633 1030 3710 adtoniti
1073 3655 1294 3721 erant,
1345 3654 1573 3707 tantae
1640 3659 2018 3731 corporum
2082 3634 2323 3708 moles.

371 3761 422 3795 “
460 3753 736 3828 Fundis
787 3753 1188 3852 sagittisque
1241 3752 1318 3829 in
1362 3752 1606 3854 fugam
1653 3751 2067 3830 consternati
2126 3751 2320 3828 sunt:

371 3881 422 3915 ‘⁶
453 3871 732 3970 gladius
765 3872 842 3947 in
873 3874 1022 3950 acie
1051 3895 1454 3950 cruentatus
1490 3889 1636 3948 n‘on
1665 3875 1771 3948 est
1794 3873 2073 3950 Gallico
2098 3877 2318 3950 bello:

374 4001 422 4036 ‘⁴
453 3993 648 4066 velut
666 3993 908 4068 avium
942 3994 1292 4082 examina,
1323 3996 1414 4069 ad
1447 3994 1797 4093 crepitum
1824 3994 2139 4092 primum
2160 3995 2321 4070 mis-

367 4107 688 4189 ⁴⁶’fi1ium
721 4116 1102 4190 avolavere.
1202 4120 1330 4204 At,
1367 4117 1713 4204 Hercule,
1746 4141 1872 4190 nos
1892 4114 2139 4205 iidem,
2168 4117 2318 4213 (ad-
