<?xml version="1.0" encoding="UTF-8"?>
<!DOCTYPE html PUBLIC "-//W3C//DTD XHTML 1.0 Transitional//EN"
    "http://www.w3.org/TR/xhtml1/DTD/xhtml1-transitional.dtd">
<html xmlns="http://www.w3.org/1999/xhtml" xml:lang="en" lang="en">
 <head>
  <title>
</title>
<meta http-equiv="Content-Type" content="text/html;charset=utf-8" />
  <meta name='ocr-system' content='tesseract 3.04.00' />
  <meta name='ocr-capabilities' content='ocr_page ocr_carea ocr_par ocr_line ocrx_word'/>
</head>
<body>
  <div class='ocr_page' id='page_1' title='image "./tliviipatavinih01homegoog_0371.png"; bbox 0 0 3100 5359; ppageno 0'>
   <div class='ocr_carea' id='block_1_1' title="bbox 970 707 2322 819">
    <p class='ocr_par' dir='ltr' id='par_1_1' title="bbox 970 707 2322 819">
     <span class='ocr_line' id='line_1_1' title="bbox 970 707 2322 819; baseline 0.003 -32"><span class='ocrx_word' id='word_1_1' title='bbox 970 714 1423 787; x_wconf 72' lang='lat' dir='ltr'>Lrnnn</span> <span class='ocrx_word' id='word_1_2' title='bbox 1524 712 1690 789; x_wconf 88' lang='lat' dir='ltr'>XL.</span> <span class='ocrx_word' id='word_1_3' title='bbox 1815 707 1822 716; x_wconf 75' lang='grc'><strong>’</strong></span> <span class='ocrx_word' id='word_1_4' title='bbox 2181 720 2322 819; x_wconf 77' lang='lat'>3⁶3</span> 
     </span>
    </p>
   </div>
   <div class='ocr_carea' id='block_1_2' title="bbox 348 886 2324 4111">
    <p class='ocr_par' dir='ltr' id='par_1_2' title="bbox 348 886 2324 4111">
     <span class='ocr_line' id='line_1_2' title="bbox 352 886 2318 990; baseline 0.002 -29"><span class='ocrx_word' id='word_1_5' title='bbox 352 897 406 932; x_wconf 77' lang='lat'>‘⁴</span> <span class='ocrx_word' id='word_1_6' title='bbox 441 912 574 965; x_wconf 87' lang='lat' dir='ltr'>nec</span> <span class='ocrx_word' id='word_1_7' title='bbox 604 888 962 962; x_wconf 89' lang='lat' dir='ltr'>manendo</span> <span class='ocrx_word' id='word_1_8' title='bbox 982 887 1261 963; x_wconf 85' lang='lat' dir='ltr'>infidias</span> <span class='ocrx_word' id='word_1_9' title='bbox 1287 890 1498 964; x_wconf 88' lang='lat' dir='ltr'>evito.</span> <span class='ocrx_word' id='word_1_10' title='bbox 1555 894 1756 990; x_wconf 78' lang='lat' dir='ltr'>&#39;Qo</span> <span class='ocrx_word' id='word_1_11' title='bbox 1777 916 1890 963; x_wconf 89' lang='lat' dir='ltr'>me</span> <span class='ocrx_word' id='word_1_12' title='bbox 1917 886 2318 964; x_wconf 80' lang='lat' dir='ltr'>conseram?</span> 
     </span>
     <span class='ocr_line' id='line_1_3' title="bbox 354 1008 2320 1107; baseline -0.001 -24"><span class='ocrx_word' id='word_1_13' title='bbox 354 1018 405 1053; x_wconf 90' lang='lat'><strong><em>“</em></strong></span> <span class='ocrx_word' id='word_1_14' title='bbox 444 1008 653 1083; x_wconf 89' lang='lat' dir='ltr'>Nihil</span> <span class='ocrx_word' id='word_1_15' title='bbox 720 1029 987 1106; x_wconf 88' lang='lat' dir='ltr'>praeter</span> <span class='ocrx_word' id='word_1_16' title='bbox 1034 1012 1256 1097; x_wconf 86' lang='lat' dir='ltr'>Deos,</span> <span class='ocrx_word' id='word_1_17' title='bbox 1308 1030 1523 1107; x_wconf 85' lang='lat' dir='ltr'>pater,</span> <span class='ocrx_word' id='word_1_18' title='bbox 1587 1014 1657 1085; x_wconf 74' lang='grc' dir='ltr'>ὅτ</span> <span class='ocrx_word' id='word_1_19' title='bbox 1709 1031 1778 1083; x_wconf 89' lang='lat' dir='ltr'>te</span> <span class='ocrx_word' id='word_1_20' title='bbox 1827 1008 2046 1085; x_wconf 88' lang='lat' dir='ltr'>colui.</span> <span class='ocrx_word' id='word_1_21' title='bbox 2144 1012 2320 1083; x_wconf 90' lang='lat' dir='ltr'>Non</span> 
     </span>
     <span class='ocr_line' id='line_1_4' title="bbox 354 1113 2322 1227; baseline 0 -24"><span class='ocrx_word' id='word_1_22' title='bbox 354 1140 407 1173; x_wconf 88' lang='lat'><strong>“</strong></span> <span class='ocrx_word' id='word_1_23' title='bbox 446 1132 815 1203; x_wconf 85' lang='lat' dir='ltr'>Romanos</span> <span class='ocrx_word' id='word_1_24' title='bbox 866 1130 1121 1216; x_wconf 88' lang='lat' dir='ltr'>habeo,</span> <span class='ocrx_word' id='word_1_25' title='bbox 1172 1131 1263 1203; x_wconf 91' lang='lat' dir='ltr'>ad</span> <span class='ocrx_word' id='word_1_26' title='bbox 1308 1155 1489 1226; x_wconf 86' lang='lat' dir='ltr'>quos</span> <span class='ocrx_word' id='word_1_27' title='bbox 1532 1113 1974 1227; x_wconf 64' lang='lat' dir='ltr'>confugiam.</span> <span class='ocrx_word' id='word_1_28' title='bbox 2067 1128 2322 1203; x_wconf 86' lang='lat' dir='ltr'>Periffe</span> 
     </span>
     <span class='ocr_line' id='line_1_5' title="bbox 352 1247 2320 1347; baseline -0.001 -25"><span class='ocrx_word' id='word_1_29' title='bbox 352 1259 813 1347; x_wconf 82' lang='lat' dir='ltr'>“expetunt,</span> <span class='ocrx_word' id='word_1_30' title='bbox 864 1248 1035 1347; x_wconf 87' lang='lat' dir='ltr'>quia</span> <span class='ocrx_word' id='word_1_31' title='bbox 1054 1248 1195 1323; x_wconf 86' lang='lat' dir='ltr'>tuis</span> <span class='ocrx_word' id='word_1_32' title='bbox 1222 1247 1493 1345; x_wconf 87' lang='lat' dir='ltr'>injuriis</span> <span class='ocrx_word' id='word_1_33' title='bbox 1520 1250 1758 1337; x_wconf 89' lang='lat' dir='ltr'>dole0,</span> <span class='ocrx_word' id='word_1_34' title='bbox 1810 1247 1980 1345; x_wconf 88' lang='lat' dir='ltr'>quia</span> <span class='ocrx_word' id='word_1_35' title='bbox 2009 1250 2320 1323; x_wconf 64' lang='lat' dir='ltr'>ademtae</span> 
     </span>
     <span class='ocr_line' id='line_1_6' title="bbox 354 1366 2324 1468; baseline 0 -27"><span class='ocrx_word' id='word_1_36' title='bbox 354 1378 407 1413; x_wconf 87' lang='lat'><strong>“</strong></span> <span class='ocrx_word' id='word_1_37' title='bbox 444 1390 551 1442; x_wconf 93' lang='lat' dir='ltr'>tot</span> <span class='ocrx_word' id='word_1_38' title='bbox 606 1372 843 1457; x_wconf 76' lang='lat' dir='ltr'>urbeS‚</span> <span class='ocrx_word' id='word_1_39' title='bbox 904 1390 1010 1443; x_wconf 90' lang='lat' dir='ltr'>tot</span> <span class='ocrx_word' id='word_1_40' title='bbox 1064 1391 1333 1468; x_wconf 76' lang='lat' dir='ltr'>gente5‚</span> <span class='ocrx_word' id='word_1_41' title='bbox 1386 1370 1610 1443; x_wconf 87' lang='lat' dir='ltr'>modo</span> <span class='ocrx_word' id='word_1_42' title='bbox 1654 1367 1998 1443; x_wconf 85' lang='lat' dir='ltr'>Thraciae</span> <span class='ocrx_word' id='word_1_43' title='bbox 2057 1366 2324 1443; x_wconf 83' lang='lat' dir='ltr'>mariti·</span> 
     </span>
     <span class='ocr_line' id='line_1_7' title="bbox 352 1486 2319 1589; baseline -0.001 -26"><span class='ocrx_word' id='word_1_44' title='bbox 352 1500 405 1533; x_wconf 88' lang='lat'><strong>“</strong></span> <span class='ocrx_word' id='word_1_45' title='bbox 440 1516 635 1563; x_wconf 87' lang='lat' dir='ltr'>mam</span> <span class='ocrx_word' id='word_1_46' title='bbox 668 1514 893 1577; x_wconf 86' lang='lat' dir='ltr'>oram,</span> <span class='ocrx_word' id='word_1_47' title='bbox 946 1488 1305 1589; x_wconf 88' lang='lat' dir='ltr'>indignor.</span> <span class='ocrx_word' id='word_1_48' title='bbox 1406 1492 1566 1563; x_wconf 87' lang='lat' dir='ltr'>Nec</span> <span class='ocrx_word' id='word_1_49' title='bbox 1603 1513 1746 1575; x_wconf 84' lang='lat' dir='ltr'>me,</span> <span class='ocrx_word' id='word_1_50' title='bbox 1781 1514 1912 1563; x_wconf 90' lang='lat' dir='ltr'>nec</span> <span class='ocrx_word' id='word_1_51' title='bbox 1943 1509 2012 1561; x_wconf 90' lang='lat' dir='ltr'>te</span> <span class='ocrx_word' id='word_1_52' title='bbox 2047 1486 2319 1562; x_wconf 86' lang='lat' dir='ltr'>incolu-</span> 
     </span>
     <span class='ocr_line' id='line_1_8' title="bbox 350 1606 2321 1705; baseline -0.002 -20"><span class='ocrx_word' id='word_1_53' title='bbox 350 1618 405 1657; x_wconf 87' lang='lat'><strong>“</strong></span> <span class='ocrx_word' id='word_1_54' title='bbox 442 1609 574 1698; x_wconf 90' lang='lat' dir='ltr'>mi,</span> <span class='ocrx_word' id='word_1_55' title='bbox 610 1609 1119 1685; x_wconf 87' lang='lat' dir='ltr'>Macedoniam</span> <span class='ocrx_word' id='word_1_56' title='bbox 1154 1608 1347 1683; x_wconf 90' lang='lat' dir='ltr'>suam</span> <span class='ocrx_word' id='word_1_57' title='bbox 1381 1607 1694 1683; x_wconf 87' lang='lat' dir='ltr'>futuram</span> <span class='ocrx_word' id='word_1_58' title='bbox 1721 1607 2012 1705; x_wconf 75' lang='lat' dir='ltr'>sperant.</span> <span class='ocrx_word' id='word_1_59' title='bbox 2109 1606 2182 1681; x_wconf 88' lang='lat' dir='ltr'>Si</span> <span class='ocrx_word' id='word_1_60' title='bbox 2207 1633 2321 1682; x_wconf 90' lang='lat' dir='ltr'>me</span> 
     </span>
     <span class='ocr_line' id='line_1_9' title="bbox 354 1726 2323 1817; baseline -0.002 -13"><span class='ocrx_word' id='word_1_61' title='bbox 354 1739 405 1773; x_wconf 92' lang='lat'><strong>“</strong></span> <span class='ocrx_word' id='word_1_62' title='bbox 440 1728 663 1804; x_wconf 86' lang='lat' dir='ltr'>scelus</span> <span class='ocrx_word' id='word_1_63' title='bbox 696 1728 947 1817; x_wconf 73' lang='lat' dir='ltr'>fratria,</span> <span class='ocrx_word' id='word_1_64' title='bbox 1000 1752 1068 1804; x_wconf 89' lang='lat' dir='ltr'>te</span> <span class='ocrx_word' id='word_1_65' title='bbox 1103 1727 1445 1817; x_wconf 67' lang='lat' dir='ltr'>seneclus,</span> <span class='ocrx_word' id='word_1_66' title='bbox 1479 1726 1912 1815; x_wconf 89' lang='lat' dir='ltr'>absumserit,</span> <span class='ocrx_word' id='word_1_67' title='bbox 1964 1748 2088 1802; x_wconf 89' lang='lat' dir='ltr'>aut</span> <span class='ocrx_word' id='word_1_68' title='bbox 2119 1754 2210 1801; x_wconf 88' lang='lat' dir='ltr'>ne</span> <span class='ocrx_word' id='word_1_69' title='bbox 2244 1752 2323 1801; x_wconf 89' lang='lat' dir='ltr'>ea</span> 
     </span>
     <span class='ocr_line' id='line_1_10' title="bbox 354 1847 2320 1949; baseline -0.001 -26"><span class='ocrx_word' id='word_1_70' title='bbox 354 1858 405 1892; x_wconf 88' lang='lat'><strong>“</strong></span> <span class='ocrx_word' id='word_1_71' title='bbox 442 1848 743 1947; x_wconf 89' lang='lat' dir='ltr'>quidem</span> <span class='ocrx_word' id='word_1_72' title='bbox 806 1848 1197 1949; x_wconf 60' lang='lat' dir='ltr'>exspectata</span> <span class='ocrx_word' id='word_1_73' title='bbox 1252 1847 1493 1936; x_wconf 85' lang='lat' dir='ltr'>fuerit,</span> <span class='ocrx_word' id='word_1_74' title='bbox 1571 1873 1809 1946; x_wconf 89' lang='lat' dir='ltr'>regem</span> <span class='ocrx_word' id='word_1_75' title='bbox 1875 1870 2320 1945; x_wconf 84' lang='lat' dir='ltr'>regnumque</span> 
     </span>
     <span class='ocr_line' id='line_1_11' title="bbox 352 1965 2320 2065; baseline -0.002 -21"><span class='ocrx_word' id='word_1_76' title='bbox 352 1979 405 2014; x_wconf 77' lang='lat'>‘⁸</span> <span class='ocrx_word' id='word_1_77' title='bbox 445 1970 922 2044; x_wconf 78' lang='lat' dir='ltr'>Macedoniae</span> <span class='ocrx_word' id='word_1_78' title='bbox 969 1969 1090 2043; x_wconf 89' lang='lat' dir='ltr'>sua</span> <span class='ocrx_word' id='word_1_79' title='bbox 1134 1967 1369 2043; x_wconf 86' lang='lat' dir='ltr'>futura</span> <span class='ocrx_word' id='word_1_80' title='bbox 1426 1966 1678 2043; x_wconf 88' lang='lat' dir='ltr'>sciunt.</span> <span class='ocrx_word' id='word_1_81' title='bbox 1777 1965 1848 2040; x_wconf 91' lang='lat' dir='ltr'>Si</span> <span class='ocrx_word' id='word_1_82' title='bbox 1901 1966 2082 2065; x_wconf 92' lang='lat' dir='ltr'>quid</span> <span class='ocrx_word' id='word_1_83' title='bbox 2125 1988 2320 2041; x_wconf 83' lang='lat' dir='ltr'>extra</span> 
     </span>
     <span class='ocr_line' id='line_1_12' title="bbox 352 2086 2320 2186; baseline -0.001 -24"><span class='ocrx_word' id='word_1_84' title='bbox 352 2098 405 2133; x_wconf 79' lang='lat'>‘⁸</span> <span class='ocrx_word' id='word_1_85' title='bbox 444 2088 955 2164; x_wconf 86' lang='lat' dir='ltr'>Macedoniam</span> <span class='ocrx_word' id='word_1_86' title='bbox 978 2088 1108 2163; x_wconf 88' lang='lat' dir='ltr'>tibi</span> <span class='ocrx_word' id='word_1_87' title='bbox 1132 2086 1447 2161; x_wconf 88' lang='lat' dir='ltr'>Romani</span> <span class='ocrx_word' id='word_1_88' title='bbox 1468 2086 2120 2186; x_wconf 83' lang='lat' dir='ltr'>reliquiffent,mihi</span> <span class='ocrx_word' id='word_1_89' title='bbox 2141 2112 2320 2186; x_wconf 89' lang='lat' dir='ltr'>quo-</span> 
     </span>
     <span class='ocr_line' id='line_1_13' title="bbox 353 2206 2320 2306; baseline -0.003 -21"><span class='ocrx_word' id='word_1_90' title='bbox 353 2220 405 2253; x_wconf 89' lang='lat'><strong>“</strong></span> <span class='ocrx_word' id='word_1_91' title='bbox 443 2234 587 2306; x_wconf 90' lang='lat' dir='ltr'>que</span> <span class='ocrx_word' id='word_1_92' title='bbox 622 2208 699 2283; x_wconf 88' lang='lat' dir='ltr'>id</span> <span class='ocrx_word' id='word_1_93' title='bbox 726 2208 1053 2283; x_wconf 69' lang='lat' dir='ltr'>relictum</span> <span class='ocrx_word' id='word_1_94' title='bbox 1083 2208 1439 2282; x_wconf 78' lang='lat' dir='ltr'>crederem</span> <span class='ocrx_word' id='word_1_95' title='bbox 1468 2208 2013 2306; x_wconf 86' lang='lat' dir='ltr'>receptaculum.</span> <span class='ocrx_word' id='word_1_96' title='bbox 2115 2212 2217 2281; x_wconf 91' lang='lat' dir='ltr'>At</span> <span class='ocrx_word' id='word_1_97' title='bbox 2245 2206 2320 2281; x_wconf 88' lang='lat' dir='ltr'>in</span> 
     </span>
     <span class='ocr_line' id='line_1_14' title="bbox 352 2326 2320 2427; baseline 0 -24"><span class='ocrx_word' id='word_1_98' title='bbox 352 2340 407 2373; x_wconf 90' lang='lat'><strong>“</strong></span> <span class='ocrx_word' id='word_1_99' title='bbox 446 2326 979 2404; x_wconf 85' lang='lat' dir='ltr'>Macedonibus</span> <span class='ocrx_word' id='word_1_100' title='bbox 1011 2327 1169 2403; x_wconf 88' lang='lat' dir='ltr'>satis</span> <span class='ocrx_word' id='word_1_101' title='bbox 1195 2328 1509 2427; x_wconf 79' lang='lat' dir='ltr'>praesidii</span> <span class='ocrx_word' id='word_1_102' title='bbox 1544 2326 1668 2403; x_wconf 86' lang='lat' dir='ltr'>est.</span> <span class='ocrx_word' id='word_1_103' title='bbox 1771 2326 2031 2402; x_wconf 86' lang='lat' dir='ltr'>Vidisti</span> <span class='ocrx_word' id='word_1_104' title='bbox 2066 2328 2320 2403; x_wconf 54' lang='lat' dir='ltr'>hester*</span> 
     </span>
     <span class='ocr_line' id='line_1_15' title="bbox 353 2445 2320 2548; baseline 0 -25"><span class='ocrx_word' id='word_1_105' title='bbox 353 2460 407 2495; x_wconf 90' lang='lat'><strong>“</strong></span> <span class='ocrx_word' id='word_1_106' title='bbox 444 2474 545 2523; x_wconf 88' lang='lat' dir='ltr'>no</span> <span class='ocrx_word' id='word_1_107' title='bbox 594 2448 712 2523; x_wconf 91' lang='lat' dir='ltr'>die</span> <span class='ocrx_word' id='word_1_108' title='bbox 747 2447 1071 2547; x_wconf 87' lang='lat' dir='ltr'>inpetum</span> <span class='ocrx_word' id='word_1_109' title='bbox 1102 2448 1178 2521; x_wconf 90' lang='lat' dir='ltr'>in</span> <span class='ocrx_word' id='word_1_110' title='bbox 1214 2474 1327 2524; x_wconf 87' lang='lat' dir='ltr'>me</span> <span class='ocrx_word' id='word_1_111' title='bbox 1362 2448 1702 2523; x_wconf 88' lang='lat' dir='ltr'>militum.</span> <span class='ocrx_word' id='word_1_112' title='bbox 1800 2445 2006 2548; x_wconf 83' lang='lat' dir='ltr'>Qid</span> <span class='ocrx_word' id='word_1_113' title='bbox 2033 2448 2170 2523; x_wconf 84' lang='lat' dir='ltr'>illis</span> <span class='ocrx_word' id='word_1_114' title='bbox 2197 2450 2320 2523; x_wconf 87' lang='lat' dir='ltr'>de-</span> 
     </span>
     <span class='ocr_line' id='line_1_16' title="bbox 354 2566 2320 2669; baseline -0.001 -26"><span class='ocrx_word' id='word_1_115' title='bbox 354 2580 407 2615; x_wconf 87' lang='lat'><strong>“</strong></span> <span class='ocrx_word' id='word_1_116' title='bbox 444 2566 611 2657; x_wconf 83' lang='lat' dir='ltr'>fuit,</span> <span class='ocrx_word' id='word_1_117' title='bbox 664 2568 787 2643; x_wconf 82' lang='lat' dir='ltr'>nifi</span> <span class='ocrx_word' id='word_1_118' title='bbox 822 2569 1143 2643; x_wconf 86' lang='lat' dir='ltr'>ferrum?</span> <span class='ocrx_word' id='word_1_119' title='bbox 1242 2568 1469 2669; x_wconf 82' lang='lat' dir='ltr'>Qod</span> <span class='ocrx_word' id='word_1_120' title='bbox 1524 2567 1662 2642; x_wconf 85' lang='lat' dir='ltr'>illis</span> <span class='ocrx_word' id='word_1_121' title='bbox 1707 2566 1938 2642; x_wconf 88' lang='lat' dir='ltr'>defuit</span> <span class='ocrx_word' id='word_1_122' title='bbox 1983 2567 2320 2659; x_wconf 82' lang='lat' dir='ltr'>interdiu,</span> 
     </span>
     <span class='ocr_line' id='line_1_17' title="bbox 352 2685 2323 2791; baseline -0.001 -26"><span class='ocrx_word' id='word_1_123' title='bbox 352 2700 407 2735; x_wconf 90' lang='lat'><strong>“</strong></span> <span class='ocrx_word' id='word_1_124' title='bbox 444 2690 781 2765; x_wconf 86' lang='lat' dir='ltr'>convivae</span> <span class='ocrx_word' id='word_1_125' title='bbox 803 2686 1027 2763; x_wconf 87' lang='lat' dir='ltr'>fratris</span> <span class='ocrx_word' id='word_1_126' title='bbox 1054 2690 1269 2763; x_wconf 69' lang='lat' dir='ltr'>noctu</span> <span class='ocrx_word' id='word_1_127' title='bbox 1298 2688 1712 2763; x_wconf 88' lang='lat' dir='ltr'>sumserunt.</span> <span class='ocrx_word' id='word_1_128' title='bbox 1777 2685 1982 2788; x_wconf 83' lang='lat' dir='ltr'>Qid</span> <span class='ocrx_word' id='word_1_129' title='bbox 2009 2689 2100 2765; x_wconf 91' lang='lat' dir='ltr'>de</span> <span class='ocrx_word' id='word_1_130' title='bbox 2125 2714 2323 2791; x_wconf 87' lang='lat' dir='ltr'>mag·</span> 
     </span>
     <span class='ocr_line' id='line_1_18' title="bbox 354 2792 2322 2909; baseline 0 -24"><span class='ocrx_word' id='word_1_131' title='bbox 354 2820 409 2854; x_wconf 78' lang='lat'>‘⁴</span> <span class='ocrx_word' id='word_1_132' title='bbox 446 2792 537 2885; x_wconf 77' lang='lat' dir='ltr'>n&#39;a</span> <span class='ocrx_word' id='word_1_133' title='bbox 592 2832 785 2909; x_wconf 78' lang='lat' dir='ltr'>parte</span> <span class='ocrx_word' id='word_1_134' title='bbox 850 2808 1261 2909; x_wconf 85' lang='lat' dir='ltr'>principum</span> <span class='ocrx_word' id='word_1_135' title='bbox 1316 2812 1595 2907; x_wconf 87' lang='lat' dir='ltr'>loquar,</span> <span class='ocrx_word' id='word_1_136' title='bbox 1646 2809 1774 2908; x_wconf 89' lang='lat' dir='ltr'>qui</span> <span class='ocrx_word' id='word_1_137' title='bbox 1841 2808 1916 2882; x_wconf 91' lang='lat' dir='ltr'>in</span> <span class='ocrx_word' id='word_1_138' title='bbox 1973 2810 2322 2885; x_wconf 84' lang='lat' dir='ltr'>Romanis</span> 
     </span>
     <span class='ocr_line' id='line_1_19' title="bbox 352 2928 2318 3030; baseline 0.001 -26"><span class='ocrx_word' id='word_1_139' title='bbox 352 2941 407 2977; x_wconf 87' lang='lat'>“</span> <span class='ocrx_word' id='word_1_140' title='bbox 442 2930 636 3029; x_wconf 87' lang='lat' dir='ltr'>spem</span> <span class='ocrx_word' id='word_1_141' title='bbox 692 2956 983 3006; x_wconf 87' lang='lat' dir='ltr'>omnem</span> <span class='ocrx_word' id='word_1_142' title='bbox 1036 2928 1399 3030; x_wconf 84' lang='lat' dir='ltr'>dignitatis</span> <span class='ocrx_word' id='word_1_143' title='bbox 1454 2935 1523 3005; x_wconf 86' lang='lat'>&amp;</span> <span class='ocrx_word' id='word_1_144' title='bbox 1569 2928 1888 3004; x_wconf 82' lang='lat' dir='ltr'>fortunae</span> <span class='ocrx_word' id='word_1_145' title='bbox 1915 2928 2318 3027; x_wconf 85' lang='lat' dir='ltr'>posuerunt,</span> 
     </span>
     <span class='ocr_line' id='line_1_20' title="bbox 352 3049 2316 3149; baseline -0.001 -24"><span class='ocrx_word' id='word_1_146' title='bbox 352 3060 405 3095; x_wconf 78' lang='lat'>‘⁶</span> <span class='ocrx_word' id='word_1_147' title='bbox 444 3055 511 3125; x_wconf 74' lang='grc' dir='ltr'>δι</span> <span class='ocrx_word' id='word_1_148' title='bbox 574 3052 649 3125; x_wconf 88' lang='lat' dir='ltr'>in</span> <span class='ocrx_word' id='word_1_149' title='bbox 700 3078 815 3141; x_wconf 89' lang='lat' dir='ltr'>eo,</span> <span class='ocrx_word' id='word_1_150' title='bbox 886 3049 1013 3149; x_wconf 89' lang='lat' dir='ltr'>qui</span> <span class='ocrx_word' id='word_1_151' title='bbox 1067 3049 1311 3124; x_wconf 82' lang='lat' dir='ltr'>omnia</span> <span class='ocrx_word' id='word_1_152' title='bbox 1358 3050 1555 3149; x_wconf 81' lang='lat' dir='ltr'>apud</span> <span class='ocrx_word' id='word_1_153' title='bbox 1609 3053 1978 3125; x_wconf 85' lang='lat' dir='ltr'>Romanos</span> <span class='ocrx_word' id='word_1_154' title='bbox 2034 3050 2316 3148; x_wconf 85' lang='lat' dir='ltr'>potest?</span> 
     </span>
     <span class='ocr_line' id='line_1_21' title="bbox 349 3168 2318 3269; baseline -0.003 -22"><span class='ocrx_word' id='word_1_155' title='bbox 349 3180 407 3215; x_wconf 86' lang='lat'>‘⁸</span> <span class='ocrx_word' id='word_1_156' title='bbox 444 3172 738 3269; x_wconf 88' lang='lat' dir='ltr'>Neque,</span> <span class='ocrx_word' id='word_1_157' title='bbox 789 3172 1139 3259; x_wconf 83' lang='lat' dir='ltr'>Hercule,</span> <span class='ocrx_word' id='word_1_158' title='bbox 1176 3170 1387 3245; x_wconf 90' lang='lat' dir='ltr'>istum</span> <span class='ocrx_word' id='word_1_159' title='bbox 1422 3168 1602 3243; x_wconf 90' lang='lat' dir='ltr'>mihi</span> <span class='ocrx_word' id='word_1_160' title='bbox 1637 3190 1913 3243; x_wconf 88' lang='lat' dir='ltr'>tantum</span> <span class='ocrx_word' id='word_1_161' title='bbox 1947 3168 2136 3243; x_wconf 88' lang='lat' dir='ltr'>fratri</span> <span class='ocrx_word' id='word_1_162' title='bbox 2170 3194 2318 3243; x_wconf 88' lang='lat' dir='ltr'>ma-</span> 
     </span>
     <span class='ocr_line' id='line_1_22' title="bbox 350 3286 2314 3389; baseline -0.002 -23"><span class='ocrx_word' id='word_1_163' title='bbox 350 3301 404 3334; x_wconf 87' lang='lat'><strong>“</strong></span> <span class='ocrx_word' id='word_1_164' title='bbox 426 3289 594 3388; x_wconf 88' lang='lat' dir='ltr'>jori,</span> <span class='ocrx_word' id='word_1_165' title='bbox 608 3289 721 3365; x_wconf 88' lang='lat' dir='ltr'>sed</span> <span class='ocrx_word' id='word_1_166' title='bbox 735 3314 953 3389; x_wconf 87' lang='lat' dir='ltr'>prope</span> <span class='ocrx_word' id='word_1_167' title='bbox 966 3290 1092 3377; x_wconf 88' lang='lat' dir='ltr'>est,</span> <span class='ocrx_word' id='word_1_168' title='bbox 1114 3312 1197 3364; x_wconf 88' lang='lat' dir='ltr'>ut</span> <span class='ocrx_word' id='word_1_169' title='bbox 1216 3289 1347 3365; x_wconf 87' lang='lat' dir='ltr'>tibi</span> <span class='ocrx_word' id='word_1_170' title='bbox 1369 3314 1662 3389; x_wconf 88' lang='lat' dir='ltr'>quoque</span> <span class='ocrx_word' id='word_1_171' title='bbox 1687 3287 1994 3387; x_wconf 84' lang='lat' dir='ltr'>ipfi‚regi</span> <span class='ocrx_word' id='word_1_172' title='bbox 2018 3292 2086 3363; x_wconf 75' lang='grc' dir='ltr'>ὅτ</span> <span class='ocrx_word' id='word_1_173' title='bbox 2107 3286 2314 3386; x_wconf 89' lang='lat' dir='ltr'>patri,</span> 
     </span>
     <span class='ocr_line' id='line_1_23' title="bbox 353 3407 2317 3509; baseline -0.001 -24"><span class='ocrx_word' id='word_1_174' title='bbox 353 3421 407 3455; x_wconf 88' lang='lat'><strong>“</strong></span> <span class='ocrx_word' id='word_1_175' title='bbox 440 3410 849 3509; x_wconf 87' lang='lat' dir='ltr'>praeferant.</span> <span class='ocrx_word' id='word_1_176' title='bbox 878 3411 1013 3485; x_wconf 86' lang='lat' dir='ltr'>Iste</span> <span class='ocrx_word' id='word_1_177' title='bbox 1032 3410 1228 3485; x_wconf 87' lang='lat' dir='ltr'>enim</span> <span class='ocrx_word' id='word_1_178' title='bbox 1254 3410 1378 3497; x_wconf 86' lang='lat' dir='ltr'>est,</span> <span class='ocrx_word' id='word_1_179' title='bbox 1416 3410 1616 3505; x_wconf 87' lang='lat' dir='ltr'>cujus</span> <span class='ocrx_word' id='word_1_180' title='bbox 1637 3407 1986 3485; x_wconf 87' lang='lat' dir='ltr'>beneficio</span> <span class='ocrx_word' id='word_1_181' title='bbox 2013 3432 2317 3505; x_wconf 85' lang='lat' dir='ltr'>poenam</span> 
     </span>
     <span class='ocr_line' id='line_1_24' title="bbox 353 3528 2320 3629; baseline -0.001 -24"><span class='ocrx_word' id='word_1_182' title='bbox 353 3539 409 3575; x_wconf 86' lang='lat'><strong>“</strong></span> <span class='ocrx_word' id='word_1_183' title='bbox 444 3528 578 3605; x_wconf 85' lang='lat' dir='ltr'>tibi</span> <span class='ocrx_word' id='word_1_184' title='bbox 592 3530 865 3606; x_wconf 84' lang='lat' dir='ltr'>senatus</span> <span class='ocrx_word' id='word_1_185' title='bbox 882 3529 1161 3617; x_wconf 78' lang='lat' dir='ltr'>remisit,</span> <span class='ocrx_word' id='word_1_186' title='bbox 1186 3530 1521 3629; x_wconf 89' lang='lat' dir='ltr'>quinunc</span> <span class='ocrx_word' id='word_1_187' title='bbox 1542 3550 1612 3604; x_wconf 93' lang='lat' dir='ltr'>te</span> <span class='ocrx_word' id='word_1_188' title='bbox 1631 3531 1721 3604; x_wconf 87' lang='lat' dir='ltr'>ab</span> <span class='ocrx_word' id='word_1_189' title='bbox 1741 3528 1950 3603; x_wconf 84' lang='lat' dir='ltr'>armis</span> <span class='ocrx_word' id='word_1_190' title='bbox 1969 3528 2320 3604; x_wconf 84' lang='lat' dir='ltr'>Romanis</span> 
     </span>
     <span class='ocr_line' id='line_1_25' title="bbox 350 3649 2316 3749; baseline 0.001 -25"><span class='ocrx_word' id='word_1_191' title='bbox 350 3660 403 3695; x_wconf 78' lang='lat'>‘⁸</span> <span class='ocrx_word' id='word_1_192' title='bbox 436 3649 769 3749; x_wconf 85' lang='lat' dir='ltr'>protegit,</span> <span class='ocrx_word' id='word_1_193' title='bbox 822 3650 952 3749; x_wconf 92' lang='lat' dir='ltr'>qui</span> <span class='ocrx_word' id='word_1_194' title='bbox 981 3672 1175 3726; x_wconf 85' lang='lat' dir='ltr'>tuam</span> <span class='ocrx_word' id='word_1_195' title='bbox 1208 3649 1638 3725; x_wconf 66' lang='lat' dir='ltr'>seneclutem</span> <span class='ocrx_word' id='word_1_196' title='bbox 1673 3650 2060 3749; x_wconf 86' lang='lat' dir='ltr'>obligatam</span> <span class='ocrx_word' id='word_1_197' title='bbox 2085 3654 2154 3725; x_wconf 66' lang='lat' dir='ltr'>a:</span> <span class='ocrx_word' id='word_1_198' title='bbox 2189 3655 2316 3726; x_wconf 88' lang='lat' dir='ltr'>ob·</span> 
     </span>
     <span class='ocr_line' id='line_1_26' title="bbox 351 3769 2316 3869; baseline 0.001 -25"><span class='ocrx_word' id='word_1_199' title='bbox 351 3780 404 3814; x_wconf 89' lang='lat'><strong>“</strong></span> <span class='ocrx_word' id='word_1_200' title='bbox 440 3769 731 3845; x_wconf 85' lang='lat' dir='ltr'>noxiam</span> <span class='ocrx_word' id='word_1_201' title='bbox 778 3770 1285 3846; x_wconf 84' lang='lat' dir='ltr'>adolescentiae</span> <span class='ocrx_word' id='word_1_202' title='bbox 1342 3770 1497 3845; x_wconf 88' lang='lat' dir='ltr'>suae</span> <span class='ocrx_word' id='word_1_203' title='bbox 1544 3773 1676 3845; x_wconf 79' lang='lat' dir='ltr'>effe</span> <span class='ocrx_word' id='word_1_204' title='bbox 1723 3796 2032 3869; x_wconf 86' lang='lat' dir='ltr'>aequum</span> <span class='ocrx_word' id='word_1_205' title='bbox 2063 3770 2316 3845; x_wconf 87' lang='lat' dir='ltr'>censet.</span> 
     </span>
     <span class='ocr_line' id='line_1_27' title="bbox 350 3890 2314 3989; baseline 0.001 -25"><span class='ocrx_word' id='word_1_206' title='bbox 350 3896 403 3935; x_wconf 76' lang='lat'>‘⁶</span> <span class='ocrx_word' id='word_1_207' title='bbox 442 3894 579 3964; x_wconf 90' lang='lat' dir='ltr'>Pro</span> <span class='ocrx_word' id='word_1_208' title='bbox 605 3890 737 3967; x_wconf 89' lang='lat' dir='ltr'>isto</span> <span class='ocrx_word' id='word_1_209' title='bbox 762 3890 1079 3967; x_wconf 80' lang='lat' dir='ltr'>Romani</span> <span class='ocrx_word' id='word_1_210' title='bbox 1107 3890 1310 3979; x_wconf 86' lang='lat' dir='ltr'>stant,</span> <span class='ocrx_word' id='word_1_211' title='bbox 1362 3916 1491 3989; x_wconf 89' lang='lat' dir='ltr'>pto</span> <span class='ocrx_word' id='word_1_212' title='bbox 1519 3890 1648 3965; x_wconf 91' lang='lat' dir='ltr'>isto</span> <span class='ocrx_word' id='word_1_213' title='bbox 1673 3918 1920 3966; x_wconf 90' lang='lat' dir='ltr'>omnes</span> <span class='ocrx_word' id='word_1_214' title='bbox 1944 3893 2154 3965; x_wconf 86' lang='lat' dir='ltr'>urbes</span> <span class='ocrx_word' id='word_1_215' title='bbox 2187 3910 2314 3965; x_wconf 87' lang='lat' dir='ltr'>tuo</span> 
     </span>
     <span class='ocr_line' id='line_1_28' title="bbox 348 4009 2313 4111; baseline -0.001 -26"><span class='ocrx_word' id='word_1_216' title='bbox 348 4022 401 4057; x_wconf 89' lang='lat'><strong>“</strong></span> <span class='ocrx_word' id='word_1_217' title='bbox 438 4010 743 4111; x_wconf 89' lang='lat' dir='ltr'>imperio</span> <span class='ocrx_word' id='word_1_218' title='bbox 782 4011 1135 4100; x_wconf 82' lang='lat' dir='ltr'>liberatae,</span> <span class='ocrx_word' id='word_1_219' title='bbox 1188 4036 1315 4110; x_wconf 91' lang='lat' dir='ltr'>pro</span> <span class='ocrx_word' id='word_1_220' title='bbox 1349 4010 1483 4085; x_wconf 89' lang='lat' dir='ltr'>isto</span> <span class='ocrx_word' id='word_1_221' title='bbox 1516 4012 1980 4101; x_wconf 83' lang='lat' dir='ltr'>Macedones,</span> <span class='ocrx_word' id='word_1_222' title='bbox 2031 4009 2160 4111; x_wconf 90' lang='lat' dir='ltr'>qui</span> <span class='ocrx_word' id='word_1_223' title='bbox 2193 4034 2313 4110; x_wconf 87' lang='lat' dir='ltr'>pa-</span> 
     </span>
    </p>
   </div>
  </div>
 </body>
</html>
