3100 5359
777 745 922 821 350
1459 719 2091 796 T.L1v11

779 893 1112 983 Galliam,
1173 891 1296 969 cui
1341 919 1432 968 ex
1465 891 1829 970 consulatu
1863 913 2322 995 prorogatum
2354 893 2745 996 imperium

779 1039 944 1092 erat.
1045 1017 1128 1090 In
1183 1014 1607 1115 Hispaniam
1652 1015 1865 1090 etiarn
1898 1037 2274 1116 utramque
2304 1041 2489 1116 quae
2520 1019 2746 1094 duce·

775 1158 1042 1225 rentur,
1089 1128 1396 1236 quatuor
1443 1134 1672 1211 millia
1708 1135 2036 1234 peditum
2062 1135 2335 1212 civium
2370 1137 2745 1212 Romano·

775 1283 936 1332 rum
991 1260 1062 1331 &
1109 1255 1406 1332 ducenti
1448 1255 1748 1356 equites,
1788 1255 1866 1328 ac
1898 1255 2253 1332 sociorum
2282 1255 2544 1355 septem
2579 1257 2747 1330 mil·

773 1377 868 1452 lia
911 1375 1241 1476 peditum
1289 1400 1461 1450 cum
1517 1376 1843 1451 trecentis
1894 1375 2259 1476 equitibus
2302 1375 2513 1451 scribi
2532 1378 2747 1473 juffa.

775 1499 874 1571 Et
924 1493 1285 1597 QFabio
1329 1494 1657 1571 Labeoni
1693 1521 1863 1571 cum
1898 1495 2241 1585 exercitu,
2272 1520 2495 1595 quem
2529 1499 2749 1573 habe-

775 1619 895 1691 bat
923 1614 998 1690 in
1025 1615 1450 1716 Liguribus,
1472 1635 1929 1718 prorogatum
1956 1616 2031 1690 in
2058 1641 2329 1692 annum
2355 1615 2749 1714 imperium

774 1735 896 1811 est.

869 1857 963 1931 ΙΙ.
1062 1858 1208 1930 Ver
1262 1855 1733 1956 procellosum
1800 1881 1889 1932 eo
1951 1882 2141 1932 anno
2201 1854 2362 1931 fuit.
2496 1855 2743 1932 Pridie

771 1975 1048 2066 Parilia,
1107 1975 1352 2051 medio
1402 1973 1621 2050 ferme
1666 1974 1817 2066 die,
1864 1998 2063 2052 atrox
2106 2001 2277 2052 cum
2305 1996 2523 2051 vento
2552 1999 2734 2052 tem-

769 2097 990 2196 pestas
1042 2117 1284 2172 coorta
1330 2094 1575 2172 multis
1622 2093 1825 2171 sacris
1870 2095 2321 2194 profanisque
2366 2094 2543 2170 locis
2576 2095 2739 2173 stra-

769 2243 936 2318 gem
958 2215 1160 2292 fecit=
1213 2218 1401 2316 figna
1425 2239 1639 2290 aenea
1664 2214 1743 2288 in
1764 2215 2125 2314 Capitolio
2152 2214 2409 2312 dejecit
2436 2247 2458 2289 ε
2509 2214 2739 2304 forem

767 2365 860 2414 ex
883 2338 1058 2412 aede
1077 2338 1358 2426 Lunae,
1381 2334 1667 2433 quaein
1690 2335 2056 2411 Aventino
2084 2335 2210 2425 est,
2244 2357 2515 2433 raptam
2542 2336 2739 2424 tulit,

770 2463 838 2533 &
873 2456 949 2533 in
975 2455 1260 2555 posticis
1280 2455 1602 2554 partibus
1628 2455 1899 2530 Cereris
1926 2455 2173 2553 templi
2196 2455 2491 2530 adfixit:
2544 2457 2745 2556 signa

768 2577 905 2652 alia
955 2575 1032 2651 in
1083 2573 1275 2650 circo
1327 2573 1646 2650 maximo
1685 2600 1857 2651 cum
1890 2575 2277 2664 columnis,
2324 2575 2591 2675 quibus
2626 2575 2737 2650 su-

769 2695 1186 2794 perstabant,
1220 2693 1508 2768 evertit:
1564 2691 1835 2792 fastigia
1864 2695 2141 2792 aliquot
2170 2698 2629 2794 templorum,
2694 2721 2743 2778 a

767 2813 1206 2892 culminibus
1255 2817 1579 2915 abrupta,
1630 2811 1839 2888 foede
1890 2813 2261 2913 diffipavit.
2362 2817 2612 2914 Itaque
2658 2815 2739 2902 in

767 2933 1184 3034 prodigium
1233 2933 1426 3010 versa
1475 2960 1561 3008 ea
1588 2927 1984 3032 teinpestas,
2017 2934 2519 3042 procurarique
2548 2933 2737 3012 arus-

767 3054 962 3156 pices
971 3055 1340 3152 jufferunt.
1439 3053 1671 3130 Simul
1701 3075 2165 3154 procuratum
2199 3055 2327 3143 est,
2376 3056 2579 3154 quod
2614 3055 2737 3130 tri-

767 3176 1028 3273 pedem
1053 3175 1336 3250 mulum
1370 3177 1597 3251 Reate
1632 3195 1881 3251 natum
1909 3175 2335 3251 nunciatum
2369 3197 2540 3265 erat,
2592 3180 2663 3252 δι
2696 3203 2741 3258 a

771 3293 1076 3370 Formiis
1121 3296 1372 3371 aedem
1405 3293 1766 3393 Apollinis
1798 3322 1880 3372 ac
1914 3296 2193 3392 Cajetae
2228 3297 2321 3370 de
2354 3298 2559 3371 coelo
2590 3317 2735 3372 tac-

769 3435 936 3490 tam.
1037 3417 1160 3492 Ob
1192 3443 1274 3495 ea
1304 3415 1633 3516 prodigia
1662 3415 1921 3516 viginti
1954 3415 2198 3491 hostiis
2222 3416 2607 3514 majoribus
2638 3415 2737 3504 sa-

770 3535 1162 3612 crificatum
1229 3537 1355 3627 est,
1401 3542 1468 3611 δι
1531 3535 1727 3612 diem
1792 3562 2027 3612 unum
2093 3536 2516 3634 supplicatio
2575 3537 2737 3616 fuit.

773 3659 908 3730 Per
935 3654 1220 3731 eosdem
1245 3655 1397 3732 dies
1423 3683 1513 3732 ex
1539 3657 1759 3734 literis
1791 3663 1886 3732 A.
1918 3655 2244 3733 Terentii
2268 3657 2741 3756 propraetoris

768 3774 1171 3876 cognitum,
1225 3779 1307 3851 P.
1337 3777 1833 3876 Sempronium
1869 3777 1945 3851 in
1978 3776 2309 3852 ulteriore
2341 3776 2735 3876 provincia,

769 3922 1000 3996 quum
1066 3899 1227 3996 plus
1269 3923 1538 3971 annum
1592 3923 1794 3996 aeger
1844 3895 2104 3984 fuisset,
2156 3917 2529 3972 mortuum
2572 3899 2733 3972 effe.

772 4021 888 4094 Eo
915 4016 1256 4096 maturius
1289 4015 1365 4091 in
1401 4015 1822 4114 Hispaniam
1856 4037 2203 4114 praetores
2224 4016 2387 4114 juffi
2420 4014 2731 4114 proficis-

769 4140 860 4220 ci.
958 4137 1388 4240 Legationes
1431 4135 1920 4212 transmarinae
1978 4135 2240 4212 deinde
2286 4135 2365 4212 in
2413 4135 2733 4212 senatum
