3100 5359
783 695 929 766 204
1447 675 2069 748 T.L1v11

781 842 1134 942 gentium,
1191 844 1388 940 cujus
1440 843 1756 919 violandi
1821 842 2188 920 confilium
2252 843 2513 918 initum
2568 865 2737 934 erat,

781 962 1062 1038 stetisset
1105 961 1404 1036 fortuna.
1505 965 1955 1038 Pabulatores
2008 963 2524 1063 lignatoresque
2584 967 2739 1039 Ro-

780 1080 971 1157 mani
1001 1081 1076 1155 in
1111 1107 1264 1156 eam
1301 1103 1596 1179 partem,
1652 1083 1726 1156 in
1754 1109 1897 1180 qua
1916 1083 2385 1182 conloquium
2412 1082 2739 1159 futurum

777 1224 949 1292 erat,
1001 1201 1200 1276 duc‘ti
1241 1200 1399 1276 sunt
1429 1235 1452 1290 3
1505 1203 1728 1276 tutius
1762 1203 1837 1276 id
1870 1202 2191 1277 futurum
2223 1203 2523 1277 tribunis
2550 1204 2739 1293 ratis,

779 1321 952 1420 quia
981 1320 1284 1398 consulis
1317 1322 1733 1418 praesidium
1764 1328 1833 1396 ὅτ
1867 1321 2095 1421 ipsum
2130 1348 2259 1419 pro
2292 1322 2585 1398 statione
2618 1327 2739 1398 ha-

777 1441 992 1517 bituri
1021 1461 1238 1528 erant,
1290 1439 1470 1514 hosti
1505 1445 1929 1539 obpofitum.
2029 1444 2243 1516 Suam
2290 1463 2527 1517 tamen
2568 1447 2735 1518 alte-

776 1587 922 1636 ram
945 1560 1310 1636 stationem
1334 1560 1623 1659 propius
1648 1563 1862 1635 castra
1893 1560 2383 1636 sexcentorum
2404 1563 2735 1660 equitum

774 1681 1178 1783 posuerunt.
1277 1681 1569 1769 Consul,
1628 1683 2041 1756 adfirmante
2087 1683 2357 1770 Atta10,
2402 1705 2735 1758 venturos

774 1827 994 1901 reges,
1044 1804 1113 1875 &
1169 1799 1444 1898 tranfigi
1497 1827 1646 1875 rern
1700 1803 1917 1898 poffe,
1977 1800 2331 1900 profectus
2380 1827 2420 1876 e
2466 1803 2727 1892 castriS,

774 1947 1002 2020 quum
1039 1922 1320 2008 eodem,
1357 1945 1504 2017 quo
1535 1941 1762 2009 antea,
1798 1920 2135 2018 praefidio
2162 1921 2488 2018 equitum
2520 1922 2729 2020 quin-

771 2067 912 2141 que
964 2039 1188 2115 millia
1229 2037 1370 2114 fere
1405 2043 1844 2137 proceffiffet,
1889 2067 2021 2116 nec
2056 2045 2369 2115 multum
2404 2069 2445 2116 a
2475 2044 2729 2118 consti-

773 2182 932 2235 tuto
989 2160 1150 2234 loco
1205 2161 1484 2246 abefl'et,
1546 2181 1828 2257 repente
1888 2161 2253 2236 concitatis
2302 2163 2507 2259 equis
2554 2189 2723 2238 cum

773 2281 1022 2380 inpetu
1076 2277 1310 2353 hostili
1353 2279 1552 2353 videt
1586 2282 1829 2353 Gallos
1863 2279 2241 2356 venientes.
2304 2283 2727 2358 .Constituit

771 2427 1054 2502 agmen,
1115 2404 1184 2474 δι
1227 2398 1562 2496 expedire
1596 2401 1733 2473 tela
1762 2398 2173 2500 animosque
2205 2401 2724 2501 equitibusjus-

771 2525 850 2596 fis
908 2519 1142 2618 primo
1181 2519 1575 2594 constanter
1616 2518 1906 2594 initium
1950 2547 2229 2620 pugnae
2262 2522 2563 2621 accepit,
2592 2549 2723 2600 nec

769 2643 980 2718 ceffit.
1081 2639 1298 2726 Dein,
1353 2665 1583 2736 quum
1627 2663 2103 2740 praegraverat
2144 2643 2562 2733 multitudO,
2612 2670 2723 2720 ce-

771 2763 934 2836 dere
979 2758 1250 2846 senfim,
1305 2757 1484 2831 nihil
1535 2758 1839 2834 confusis
1882 2781 2275 2836 turmarum
2320 2763 2723 2852 ordinibus,

769 2879 1028 2979 coepit.
1127 2877 1515 2968 Postremo,
1578 2903 1806 2975 quum
1829 2880 1977 2975 jam
2013 2883 2174 2977 plus
2210 2880 2283 2954 in
2316 2907 2511 2956 mora
2540 2883 2721 2981 peri-

769 3000 941 3089 culi,
999 3023 1220 3098 quam
1285 2996 1363 3071 in
1421 2996 1789 3072 ordinibus
1854 2999 2343 3076 conservandis
2402 3001 2719 3100 praesidii

767 3123 957 3210 effet,
1007 3144 1254 3194 ornnes
1299 3121 1538 3215 paffim
1588 3117 1663 3191 in
1714 3117 1959 3218 fugam
2002 3121 2193 3194 effufi
2236 3120 2418 3195 sunt.
2516 3125 2592 3196 T
2592 3147 2717 3196 um

767 3265 934 3317 vero
967 3239 1212 3314 instare
1245 3235 1579 3338 diffipatis
1608 3238 1823 3326 Galli,
1856 3244 1923 3313 ὅτ
1952 3241 2281 3314 caedere:
2320 3267 2719 3340 magnaque

767 3385 920 3461 pars
953 3361 1268 3458 obprefl'a
1295 3357 1496 3448 foret,
1523 3357 1601 3432 ni
1633 3359 1833 3432 statio
1854 3360 2373 3455 pabulatorum,
2410 3360 2717 3436 sexcenti

767 3479 1067 3580 equites,
1120 3477 1601 3553 obcurriffent.
1700 3477 1788 3566 Ii,
1842 3482 2090 3577 procul
2120 3482 2420 3554 clamore
2456 3482 2717 3579 pavido

763 3601 1050 3677 suorum
1071 3596 1434 3686 exaudito,
1461 3623 1694 3696 quum
1717 3601 1849 3672 tela
1873 3598 2231 3698 equosque
2253 3601 2715 3697 expediffent,

761 3718 1016 3820 integri
1068 3717 1508 3817 profligatam
1573 3744 1892 3818 pugnam
1925 3743 2365 3817 acceperunt.
2472 3724 2715 3818 Itaque

760 3838 952 3914 versa
993 3840 1354 3937 extemplo
1418 3836 1701 3912 fortuna
1756 3837 1881 3926 est,
1930 3838 2159 3913 versus
2202 3838 2277 3912 in
2322 3840 2621 3915 victores
2670 3867 2714 3915 a.

759 3958 966 4036 victis
1003 3978 1241 4034 terror.
1343 3961 1439 4032 Et
1483 3957 1715 4055 primo
1750 3957 1989 4056 inpetu
2030 3957 2155 4033 fufi
2193 3960 2379 4034 Galli
2416 3960 2602 4048 sunt,
2638 3961 2713 4032 δε

761 4107 854 4158 ex
914 4077 1096 4180 agris
1145 4081 1657 4154 concurrebant
1719 4078 2185 4176 pabulatores,
2254 4083 2323 4154 &
2382 4082 2721 4180 undique
