3100 5359
2654 2 2891 33 *⁶*
2960 6 3063 183 ’Ἰ

823 659 958 736 180
1460 659 2111 735 T.L1v11

813 855 866 892 “
899 845 1348 946 captivosque
1373 846 1647 923 reddito
1674 845 2023 926 Romanis
2049 845 2387 944 sociisque
2401 877 2426 933 3
2460 865 2766 944 praeter-

815 971 872 1010 “
906 990 1123 1061 quam
1159 968 1204 1039 fi
1245 965 1376 1061 qui
1414 967 1629 1065 capti,
1672 991 1901 1064 quum
1954 968 2206 1041 domos
2248 964 2596 1052 rediffent,
2632 963 2765 1038 ite·

815 1094 867 1129 “
901 1109 1062 1158 rum
1113 1084 1295 1184 capti
1349 1084 1552 1174 sunt3
1605 1107 1727 1161 aut
1784 1091 1831 1161 fi
1878 1085 2003 1184 qui
2052 1111 2139 1160 eo
2192 1105 2505 1182 ternpore
2549 1083 2766 1158 exiis

814 1212 870 1248 “
903 1202 1090 1300 capti
1110 1202 1293 1292 sunt,
1320 1203 1447 1301 qui
1475 1225 1632 1278 tum
1659 1205 1885 1278 hostes
1904 1225 2097 1279 erant
2121 1203 2496 1290 Romanis,
2529 1228 2771 1299 quum

814 1328 868 1366 ‘⁶
905 1321 1086 1396 intra
1113 1322 1445 1421 praefidia
1477 1325 1807 1400 Romana
1829 1324 2069 1398 Aetoli
2102 1327 2336 1399 effent.
2424 1321 2764 1397 Aliorum

816 1453 868 1490 “
903 1441 1030 1538 qui
1064 1446 1594 1540 comparebunt,
1619 1442 1799 1524 intra
1830 1444 1981 1518 dies
2013 1465 2303 1519 centum
2336 1445 2763 1540 Corcyraeo-

814 1572 866 1607 “
902 1587 1064 1640 rum
1123 1559 1641 1660 magistratibus
1692 1565 1830 1636 fine
1886 1563 2055 1636 dolo
2112 1564 2301 1638 malo
2358 1561 2762 1658 tradantur:

813 1688 869 1729 “
905 1679 1034 1778 qui
1075 1705 1220 1756 non
1255 1684 1790 1778 comparebunt,
1843 1681 2133 1780 quando
2166 1678 2463 1780 quisque
2510 1703 2762 1754 eorum

813 1809 876 1850 “·
899 1799 1212 1898 primum
1271 1797 1599 1874 inventus
1656 1798 1894 1889 fuerit,
1961 1801 2364 1878 reddantur.
2462 1801 2761 1876 Obsides

813 1929 864 1964 “
883 1916 1359 2017 quadraginta
1386 1917 1719 1996 arbitratu
1756 1919 2061 1995 consulis
2096 1918 2406 1994 Romani
2440 1918 2635 2005 date,
2670 1943 2762 1993 ne

816 2049 868 2084 “
904 2036 1210 2112 minores
1243 2035 1627 2112 duodecim
1662 2062 2037 2125 annorum,
2068 2061 2209 2111 neu
2254 2037 2547 2132 majores
2586 2061 2759 2133 quap

811 2169 861 2204 “
901 2156 1239 2256 draginta.
1363 2153 1585 2230 Obses
1654 2179 1743 2228 ne
1804 2155 1953 2230 esto
2014 2175 2311 2254 praetor,
2367 2153 2755 2254 praescitus,

809 2289 865 2330 “
897 2277 1254 2378 equitum,
1302 2272 1524 2350 scriba
1573 2272 1939 2371 publicus=
1991 2300 2131 2349 neu
2178 2273 2370 2372 quis,
2412 2273 2541 2374 qui
2596 2293 2756 2349 ante

807 2409 860 2444 “
895 2395 1094 2472 obses
1127 2394 1336 2469 fuerit
1367 2393 1562 2490 apud
1597 2396 1985 2468 Romanos.
2082 2392 2533 2491 Cephallenia
2562 2413 2755 2468 extra

809 2529 862 2564 ‘⁶
898 2515 1092 2616 pacis
1131 2517 1316 2613 leges
1351 2513 1565 2588 estost'
1665 2511 1776 2585 De
1806 2511 2151 2611 pecuniae
2186 2511 2485 2600 summa,
2536 2537 2755 2610 quam

806 2631 1218 2738 penderent,
1250 2630 1833 2732 pensionibusque
1860 2631 2033 2727 ejuS,
2068 2629 2246 2704 nihil
2278 2655 2369 2705 ex
2402 2657 2513 2718 e0,
2550 2631 2747 2729 quod

717 2793 722 2798 ·
806 2779 978 2829 cum
1013 2749 1296 2826 consule
1330 2770 1774 2837 convenerat,
1823 2769 2204 2825 mutatum.
2290 2751 2429 2824 Pro
2460 2769 2749 2848 argento

806 2877 854 2956 fi
887 2896 1141 2952 aurum
1205 2870 1368 2944 dare
1433 2871 1747 2956 mallent,
1804 2869 2068 2957 darent,
2130 2867 2462 2943 convenit
2480 2899 2507 2956 3
2574 2870 2753 2944 dum

806 3017 938 3090 pro
969 2987 1312 3088 argenteis
1343 2989 1593 3063 decem
1626 3011 1876 3063 aureus
1902 3011 2089 3061 unus
2121 2988 2397 3063 valeret.
2464 2997 2519 3033 “
2546 2991 2753 3090 Quae

807 3123 859 3162 ‘⁶
897 3114 1132 3198 urbes,
1187 3106 1316 3207 qui
1365 3104 1542 3206 agri,
1591 3105 1719 3204 qui
1753 3104 2077 3180 homines
2118 3107 2541 3188 Aetolorum
2573 3105 2753 3202 juris

809 3242 861 3277 “
893 3230 1277 3329 aliquando
1334 3226 1648 3313 fuerunt,
1707 3223 1835 3322 qui
1902 3250 2149 3299 eorum
2224 3227 2319 3300 T.
2374 3223 2749 3326 Qinstio,

805 3357 860 3406 “-
897 3351 1033 3430 Cn.
1080 3344 1409 3432 Domitio
1457 3343 1894 3431 consulibua,
1951 3341 2191 3442 postve
2242 3369 2360 3418 eos
2411 3333 2751 3430 consules,

808 3478 858 3513 “
895 3488 1018 3543 aut
1071 3465 1281 3542 armis
1323 3463 1617 3552 stibadii,
1668 3483 1791 3545 aut
1839 3463 2223 3552 voluntate,
2277 3463 2351 3536 in
2408 3460 2751 3537 ditionem
2862 3483 2870 3492 ·

807 3597 860 3646 ⁴⁸
896 3585 1146 3684 populi
1195 3581 1509 3663 Romani
1541 3600 1915 3670 venerunt,
1950 3608 2038 3656 ne
2071 3607 2291 3679 quem
2326 3605 2574 3656 eorum
2606 3586 2750 3656 Ae-

807 3714 862 3756 “
897 3703 1026 3780 toli
1053 3702 1376 3802 recepifl‘e
1400 3699 1646 3784 velint.
1745 3701 2106 3779 Oeniadae
2138 3723 2307 3776 cum
2336 3704 2515 3778 urbe
2544 3699 2749 3802 agris-

803 3835 856 3882 *ἒ
891 3849 1035 3923 que
1094 3827 1550 3899 Acarnanum
1600 3819 1873 3896 sunto.’³
1969 3819 2115 3912 His
2163 3820 2443 3920 legibus
2500 3819 2749 3910 foedus

803 3943 1030 4030 ictum
1057 3966 1228 4026 eum
1262 3939 1536 4028 Aetolis
1570 3938 1694 4024 est.
