3100 5359
771 662 914 744 232
1456 623 2096 715 T.‘L1v11

783 843 840 880 “
876 853 1182 933 captam,
1237 835 1304 908 ἃ
1349 835 1542 934 signa
1582 831 1755 908 inde
1798 853 2361 932 ornamentaque
2398 833 2655 926 ablata,
2688 840 2755 912 fic

785 967 837 1001 ‘⁶
875 979 1104 1032 cetera
1125 953 1334 1043 fasta,
1365 979 1550 1054 quae
1575 955 1799 1055 captis
1820 953 2121 1030 urbibus
2151 951 2441 1043 soleant,
2468 979 2758 1058 negatu-

784 1088 838 1123 “
873 1103 1034 1154 rum
1067 1097 1193 1154 aut
1223 1101 1343 1150 me
1375 1101 1504 1174 pro
1537 1077 1656 1150 M.
1692 1075 1983 1164 Fulvio,
2014 1097 2143 1152 aut
2174 1075 2411 1176 ipsum
2448 1078 2557 1152 M.
2590 1080 2762 1153 Ful-

785 1208 839 1244 “
875 1197 1077 1274 vium
1109 1195 1429 1286 censetis„
1467 1199 1703 1272 Patres
1738 1193 2166 1296 conscripti?
2218 1194 2350 1296 qui
2383 1201 2483 1273 ob
2510 1200 2635 1274 has
2662 1225 2763 1273 res

792 1331 846 1365 “
883 1318 1106 1420 gestas
1133 1316 1587 1418 triumphum
1618 1345 1661 1392 a
1683 1317 1891 1394 vobis
1924 1318 2403 1417 postulaturus
2434 1323 2549 1407 szt;
2588 1325 2764 1396 Am-

787 1451 840 1484 “
878 1439 1188 1516 braciam
1239 1461 1545 1538 captam,
1596 1435 1963 1539 signaque,
2014 1465 2201 1538 quae
2248 1441 2479 1515 ablata
2526 1441 2769 1514 crimi-

788 1573 838 1608 “
879 1583 1163 1653 uantur,
1216 1565 1284 1636 δι
1333 1580 1565 1636 cetera
1596 1555 1816 1658 spolia
1858 1561 2005 1656 ejus
2048 1558 2245 1638 urbis
2286 1583 2447 1636 ante
2477 1587 2765 1662 curtum

787 1695 838 1728 “
871 1685 1182 1772 laturus,⁵
1219 1685 1288 1756 &
1323 1683 1599 1756 fixurus
1638 1679 1715 1755 in
1751 1679 2070 1778 postibus
2120 1681 2283 1756 suiS.
2386 1681 2599 1758 Nihil
2644 1683 2769 1772 est,

789 1815 842 1850 “
865 1807 1080 1904 quod
1115 1802 1182 1878 se
1207 1805 1299 1878 ab
1333 1801 1613 1879 Aetoiis
1639 1799 1976 1898 separent.
2080 1803 2357 1878 Eadem
2394 1801 2769 1879 Ambraci-

788 1937 841 1970 “
879 1927 1148 2002 ensium
1179 1928 1248 1998 ἃ
1279 1924 1705 1998 Aetolorum
1736 1921 1969 1996 caussa
2000 1923 2124 1998 est.
2216 1923 2469 2023 Itaque
2500 1925 2773 2024 collega

789 2057 842 2094 “
877 2071 1082 2122 meus
1106 2046 1220 2122 vel
1249 2044 1324 2118 in
1359 2043 1496 2118 alia
1521 2046 1755 2119 cauffa
1786 2042 2199 2120 inimicitias
2230 2067 2577 2134 exerceat,
2628 2049 2767 2133 vel,

791 2179 842 2216 “
881 2171 926 2242 fi
957 2167 1036 2241 in
1071 2169 1206 2244 hac
1233 2164 1491 2266 utique
1539 2166 1843 2254 mavult,
1903 2164 2201 2241 retineat
2236 2166 2775 2245 Ambracienses

788 2287 1040 2394 ‘gsuos
1073 2288 1148 2363 in
1183 2287 1577 2362 adventum
1612 2283 1732 2360 M.
1772 2285 2041 2360 Fulvii.
2113 2289 2275 2388 Ego
2310 2313 2443 2362 nec
2466 2289 2563 2363 de
2588 2293 2777 2362 Am«

789 2421 840 2456 ‘⁶
878 2409 1378 2495 bracienfibus,
1415 2431 1550 2482 nec
1584 2407 1679 2480 de
1704 2405 1983 2482 Aetolis
2010 2406 2299 2486 decerni
2334 2406 2767 2508 quidquam,

788 2541 844 2578 “
877 2530 1162 2608 absente
1193 2531 1310 2608 M.
1349 2527 1641 2616 Fulvio,
1692 2525 1986 2627 patiar.”

885 2651 1164 2728 XLIV.
1271 2647 1534 2748 Qum
1601 2645 1961 2730 Aemilius
2024 2647 2357 2724 callidam
2426 2649 2775 2725 malitiam

787 2768 1096 2860 inimici,
1173 2771 1371 2847 velut
1427 2769 1769 2846 omnibus
1828 2789 2100 2859 notam,
2176 2769 2636 2860 infimularet,
2706 2777 2779 2845 ὅτ

789 2917 1078 2994 tempus
1127 2917 1300 2968 eum
1369 2893 1725 2967 morando
1784 2891 2268 2966 extracturum
2320 2891 2619 2980 diceret,
2688 2920 2779 2969 ne

787 3015 1077 3094 consule
1111 3012 1413 3089 inimico
1447 3014 1767 3087 Romam
1798 3009 2072 3086 veniret
2090 3043 2115 3100 3
2168 3013 2555 3088 certamine
2598 3041 2775 3090 con·

789 3139 1026 3216 sulum
1097 3134 1412 3212 biduum
1479 3131 1895 3210 absumtum
1964 3129 2088 3208 est.
2188 3135 2351 3207 Nec
2421 3135 2780 3231 praesente

791 3258 1152 3338 Flaminio
1177 3255 1460 3338 decerni
1489 3253 1896 3353 quidquam
1915 3252 2296 3330 videbatur
2312 3257 2527 3354 posse.
2594 3259 2780 3357 Cap—

794 3403 938 3458 tata
963 3381 1232 3455 occafio
1267 3375 1393 3465 est,
1449 3399 1679 3474 quum
1712 3399 1919 3473 aeger
1953 3371 2132 3449 forte
2160 3374 2559 3451 Flaminius
2588 3375 2781 3454 abel!-

793 3503 932 3592 set3
982 3501 1088 3590 δε,
1136 3497 1480 3575 referente
1515 3495 1864 3585 Aemilio,
1920 3495 2601 3577 senatusconsultum
2631 3498 2779 3574 fac—

794 3647 952 3702 tum
989 3623 1116 3712 est,
1152 3632 1205 3668 “
1235 3621 1346 3696 Ut
1377 3615 2005 3696 Ambraciensibus
2024 3645 2273 3695 omnes
2300 3619 2459 3696 suae
2488 3643 2595 3696 res
2620 3621 2779 3696 red-

795 3757 848 3802 ⁶‘
879 3745 1250 3820 detentori
1323 3739 1400 3815 in
1459 3738 1783 3814 libertate
1844 3739 2084 3829 effent,
2157 3766 2239 3816 ac
2302 3741 2587 3842 legibus
2636 3741 2780 3820 suis

797 3877 850 3912 “
886 3885 1286 3941 uterentur:
1339 3860 1676 3961 portoria,
1710 3883 1895 3957 quae
1928 3861 2213 3948 vellent,
2246 3883 2425 3938 terra
2452 3862 2783 3964 marique

800 3999 852 4038 “
883 4005 1236 4088 caperent,
1287 3985 1471 4058 dum
1499 4005 1749 4057 eorum
1784 3981 2119 4058 inmunes
2144 3983 2466 4077 Romani
2492 4009 2577 4062 ac
2606 3983 2781 4062 socii

797 4119 852 4160 ‘⁸
885 4107 1135 4188 utini
1169 4104 1482 4186 nominis
1505 4103 1749 4178 effent.
1834 4101 2057 4202 Signa
2080 4103 2363 4205 aliaque
2406 4129 2785 4185 ornamen-
