3100 5359
785 731 928 830 256
1454 737 2091 810 T.L1v11

787 918 844 1002 “¹
876 907 1097 984 fratris
1133 911 1319 998 effet,
1352 913 1664 1008 geffiffet,
1694 910 2237 1009 praetereantur)
2291 907 2655 985 consulem
2691 911 2758 982 &t

787 1039 837 1071 ‘⁶
872 1031 964 1103 ab
997 1027 1232 1102 senatu
1269 1028 1575 1128 dignum
1622 1029 1879 1116 visum,
1918 1028 2037 1104 cui
2071 1051 2268 1103 extra
2300 1028 2555 1104 sortem
2589 1027 2760 1102 Afia

783 1156 833 1190 “
871 1147 1234 1244 provincia
1265 1149 1338 1220 ὅτ
1382 1151 1653 1224 bellum
1700 1174 1870 1223 cum
1906 1147 2273 1222 Antiocho
2308 1174 2469 1246 rege
2506 1149 2752 1222 decer-

783 1276 833 1310 ⁶‘
874 1292 1198 1354 neretur;
1250 1267 1323 1338 ὅτ
1367 1295 1408 1342 a
1440 1267 1671 1356 fratre,
1732 1267 1851 1342 cui
1908 1268 2059 1366 post
2118 1269 2302 1341 duos
2347 1267 2758 1341 consulatus

783 1398 834 1430 ‘⁶
870 1385 1377 1486 censuramque
1431 1389 1506 1460 &
1557 1388 2009 1487 triumphum
2062 1391 2331 1485 legatus
2386 1386 2459 1459 in
2512 1389 2757 1460 Afiam

784 1517 837 1550 ⁶‘
871 1505 1022 1580 iret.
1124 1507 1262 1595 Ibi,
1315 1535 1401 1582 ne
1435 1509 1861 1607 magnitudo
1888 1511 1956 1580 ὅτ
1992 1505 2316 1604 splendor
2344 1505 2557 1605 legati
2596 1508 2755 1578 lau-

791 1636 838 1669 “
874 1626 1090 1700 dibus
1125 1626 1429 1701 consulis
1463 1630 1827 1715 obficeret,
1891 1625 2069 1700 forte
2106 1625 2203 1706 ita
2236 1624 2588 1712 incidiffe,
2647 1645 2757 1714 ut,

782 1756 833 1789 ⁶⁶
869 1771 1018 1843 quo
1051 1746 1168 1819 die
1201 1747 1295 1820 ad
1327 1749 1767 1846 Magnesiam
1796 1745 2002 1844 lignis
2036 1746 2331 1821 conlatis
2377 1749 2473 1820 L.
2509 1745 2757 1844 Scipio

781 1875 832 1909 ‘⁶
871 1865 1316 1941 Antiochum
1363 1867 1747 1955 devicisset,
1822 1892 2026 1964 aeger
2072 1869 2155 1940 P.
2200 1865 2446 1964 Scipio
2496 1866 2759 1938 Elaeae

780 1997 832 2030 ‘⁶
869 1985 1146 2060 dierum
1171 1985 1444 2084 aliquot
1465 1985 1583 2062 via
1613 1989 1891 2062 abess‘et.
1954 1989 2127 2060 Non
2162 1985 2363 2060 fuiffe
2396 1984 2753 2068 minorem

780 2117 831 2151 ‘⁶
867 2133 1037 2182 eum
1072 2107 1488 2196 exercitum,
1527 2133 1745 2207 quam
1780 2106 2238 2195 Hannibalis,
2276 2131 2447 2180 cum
2482 2129 2642 2203 quo
2678 2104 2754 2178 in

779 2239 830 2272 “
869 2227 1114 2302 Africa
1153 2231 1318 2304 effet
1363 2250 1785 2327 pugnatum.
1888 2225 2374 2302 Hannibalem
2404 2227 2757 2299 eumdem

779 2359 829 2394 ‘⁶
866 2347 1067 2423 fuiffe
1090 2349 1268 2422 inter
1287 2349 1550 2421 multos
1574 2347 1744 2421 alios
1770 2347 1995 2447 regios
2023 2348 2266 2434 duceS,
2290 2343 2418 2444 qui
2442 2344 2753 2442 impera-

777 2479 829 2512 “
865 2489 974 2542 tor
1027 2467 1283 2542 Punici
1340 2466 1504 2542 belli
1552 2465 1786 2542 fuerit.
1888 2471 1984 2540 Et
2018 2467 2289 2541 bellum
2319 2465 2625 2563 quidem
2658 2465 2757 2540 ita

778 2599 829 2632 ‘⁶
866 2586 1142 2685 gestum
1188 2590 1348 2675 effe,
1406 2610 1485 2661 ut
1519 2614 1608 2661 ne
1640 2585 1994 2662 fortunam
2030 2585 2329 2683 quidem
2365 2585 2755 2684 quisquam

777 2718 828 2750 ‘⁶
866 2705 1221 2782 criminari
1249 2711 1470 2804 poflit.
1571 2710 1655 2781 In
1687 2733 1859 2805 pace
1893 2705 2162 2781 crimen
2190 2705 2454 2803 quaeri.
2560 2709 2755 2782 Eam

778 2837 828 2870 ‘⁶
866 2825 1011 2901 dici
1051 2827 1332 2902 venifl‘e.
1450 2826 1605 2902 Hic
1659 2829 1908 2900 decem
1950 2828 2213 2924 legatos
2266 2826 2469 2898 fimul
2512 2824 2751 2924 argui,

775 2957 826 2991 ‘⁶
864 2972 1174 3045 quorum
1209 2974 1299 3022 ex
1331 2945 1621 3022 confilio
1652 2948 1815 3020 data
1842 2970 1980 3042 pax
2007 2945 2193 3018 effet.
2293 2943 2497 3043 Qtin
2532 2945 2755 3018 exsti·

775 3080 826 3114 ⁶⁶
861 3067 1012 3144 tiffe
1045 3094 1136 3143 ex
1166 3069 1415 3142 decem
1450 3065 1722 3167 legatis,
1748 3063 1875 3164 qui
1897 3066 2033 3140 Cn.
2066 3062 2431 3136 Manlium
2462 3063 2750 3138 accusa-

777 3201 828 3235 ‘⁶
865 3211 1059 3268 rent:
1113 3210 1349 3264 tamen
1391 3213 1533 3263 non
1574 3186 1795 3260 modo
1828 3186 1921 3258 ad
1949 3180 2266 3258 criminis
2314 3182 2569 3270 fidem,
2624 3183 2751 3258 sed

777 3322 828 3359 ‘⁶
865 3339 955 3386 ne
1012 3311 1102 3384 ad
1156 3333 1426 3383 moram
1461 3305 1759 3405 quidem
1793 3302 2135 3402 triumphi
2169 3327 2327 3377 eam
2360 3301 2753 3379 accusatio-

777 3442 828 3477 ⁶⁶
865 3457 1034 3505 nem
1069 3426 1425 3504 valuifl‘e.”
2116 3435 2121 3442 ’

870 3553 1077 3625 LIX.
1179 3559 1229 3592 ‘⁶
1269 3553 1396 3634 At,
1451 3547 1795 3632 Hercule,
1858 3543 1933 3616 in
1984 3542 2317 3641 Scipione
2350 3541 2525 3641 ipsas
2550 3546 2751 3644 leges

774 3681 824 3715 ⁶‘
861 3669 1076 3768 pacis,
1111 3691 1193 3744 ut
1227 3665 1535 3742 nimium
1566 3664 2145 3738 adcommodatas
2171 3662 2565 3752 Antioch0‚
2597 3662 2746 3740 sus-

776 3801 828 3834 ⁶‘
863 3791 1097 3887 pectas
1131 3790 1286 3862 effe.
1387 3788 1752 3884 Integrum
1814 3783 2007 3858 enim
2064 3783 2129 3858 ei
2180 3810 2481 3883 regnum
2539 3784 2747 3859 relic-

775 3923 826 3956 ‘⁶
862 3932 1064 3983 tum:
1115 3906 1356 3982 omnia
1417 3906 1751 4004 possidere
1804 3931 1973 3978 eum
2016 3903 2317 3992 vicium,
2363 3929 2545 4003 quae
2576 3926 2747 3979 ante

778 4041 828 4076 ⁶‘
865 4031 1135 4107 bellum
1187 4028 1334 4124 ejus
1379 4025 1681 4100 fuerint:
1734 4023 1885 4097 auri
1924 4023 2002 4097 &
2026 4023 2297 4124 argenti
2330 4049 2561 4123 quum
2584 4023 2744 4099 vim

778 4163 828 4198 ‘⁶
865 4176 1197 4252 magnam
1249 4146 1621 4235 habuiffet,
1684 4143 1865 4221 nihil
1890 4143 1967 4230 in
1998 4143 2377 4246 publicum
2410 4145 2743 4233 relatum,
