3100 5359
849 729 948 820 46
1536 723 1633 798 T.
1732 723 2165 826 Ltv11

847 908 899 942 ‘⁶
936 894 1109 986 diei,
1162 922 1311 996 quo
1354 895 1657 972 servatus
1695 923 1736 970 a
1780 894 1846 968 se
1887 893 2091 982 foret,
2144 893 2610 970 meminifl‘e.”
2708 898 2836 984 Ira

846 1017 1053 1106 datis,
1105 1017 1231 1117 qui
1280 1017 1355 1092 in
1400 1037 1641 1092 tutum
1685 1042 1854 1090 eum
1899 1014 2506 1113 prosequerentur,
2559 1019 2814 1117 Hypa-

847 1159 991 1228 tam
1026 1137 1393 1213 Nicander
1426 1135 1986 1213 consultantibus
2017 1136 2108 1208 de
2143 1160 2315 1232 pace
2343 1139 2676 1212 Romana
2701 1137 2813 1213 su-

845 1257 1188 1357 pervenit.

942 1379 1191 1454 XXX.
1288 1381 1430 1453 M’.
1456 1377 1767 1466 Acilius,
1817 1377 2130 1466 vendita,
2182 1399 2306 1452 aut
2331 1379 2650 1454 conceffa
2673 1378 2810 1453 mi-

844 1496 955 1572 liti
990 1497 1175 1574 circa
1204 1501 1628 1574 Heracleam
1661 1499 1940 1597 praeda,
1976 1497 2354 1595 postquam
2387 1524 2519 1573 nec
2554 1499 2812 1598 Hypa-

844 1637 953 1692 tae
981 1639 1225 1716 pacata
1253 1621 1384 1693 effe
1414 1618 1719 1707 confilia,
1771 1619 1847 1690 &
1891 1619 2354 1715 Naupactum
2388 1617 2812 1694 concurrisse

843 1739 1167 1828 Aetolos,
1217 1757 1301 1815 ut
1327 1737 1497 1813 inde
1531 1759 1767 1812 totum
1799 1734 2127 1834 inpetum
2163 1737 2332 1813 belli
2368 1735 2810 1828 sustinerent,

842 1857 1164 1947 audivit3
1214 1857 1582 1957 praemifl'o
1609 1862 1753 1956 Ap.
1783 1856 2096 1931 Claudio
2122 1883 2294 1933 cum
2319 1879 2626 1957 quatuor
2649 1859 2814 1933 mil-

842 1977 1033 2054 libus
1078 1976 1395 2054 militum
1440 1979 1531 2052 ad
1581 1978 2002 2074 occupanda
2039 1978 2242 2076 juga,
2293 2004 2439 2077 qua
2489 1978 2815 2056 difficiles

843 2101 1160 2174 tranfitus
1210 2095 1572 2172 montium
1626 2117 1844 2185 erant,
1909 2096 2053 2196 ipse
2106 2100 2364 2174 Oetam
2417 2097 2812 2190 adscendit,

840 2218 1294 2316 Herculique
1327 2215 1750 2293 sacrificium
1783 2216 1952 2292 fecit
1977 2216 2053 2291 in
2079 2243 2165 2293 eo
2197 2219 2385 2308 loc0,
2421 2244 2638 2318 quem
2669 2223 2812 2320 Py-

840 2365 1016 2427 ram,
1068 2339 1269 2438 quod
1307 2335 1407 2411 ibi
1450 2341 1741 2412 mortale
1778 2363 2034 2436 corpus
2069 2338 2214 2433 ejus
2249 2337 2387 2413 Dei
2423 2342 2499 2413 fit
2531 2365 2806 2416 crema-

840 2481 1027 2548 tum,
1078 2459 1455 2556 adpellant.
1558 2458 1734 2531 Inde
1770 2476 1920 2532 toto
1953 2457 2268 2532 exercitu
2311 2458 2668 2556 profectus
2701 2486 2810 2535 re-

840 2577 1124 2678 liquum
1172 2577 1301 2652 iter
1343 2575 1497 2652 satis
1542 2577 1880 2675 expedito
1924 2577 2207 2677 agmine
2261 2578 2452 2654 fecit.
2553 2583 2666 2655 Ut
2715 2583 2811 2656 ad

840 2699 1185 2773 Coracem
1236 2698 1335 2772 est
1385 2718 1708 2786 ventum,
1777 2703 2016 2795 (mons
2065 2697 2166 2772 est
2208 2699 2568 2774 altiffimus
2625 2700 2812 2776 inter

841 2817 1223 2917 Callipolin
1276 2821 1344 2891 &
1398 2819 1891 2915 Naupactum)
1951 2817 2054 2893 ibi
2101 2818 2172 2890 ὅτ.
2215 2819 2542 2914 jumenta
2583 2822 2813 2896 multa

839 2963 931 3014 ex
954 2937 1238 3038 agmine
1268 2935 1719 3036 praecipitata
1752 2963 1923 3012 cum
1953 2936 2107 3036 ipsis
2143 2937 2476 3013 oneribus
2511 2937 2696 3027 sunt,
2730 2941 2812 3014 δε

842 3057 1167 3134 homines
1197 3057 1455 3132 vexati.
1561 3059 1658 3132 Et
1681 3055 1885 3131 facile
1919 3058 2324 3156 adparebat,
2381 3084 2598 3156 quam
2633 3087 2809 3137 cum

844 3178 1047 3254 inerti
1094 3178 1287 3253 hoste
1336 3204 1441 3252 res
1478 3179 1670 3266 effer,
1723 3178 1852 3275 qui
1901 3198 2048 3252 tam
2101 3177 2510 3276 inpeditum
2557 3179 2812 3256 saltum

840 3302 1039 3375 nullo
1070 3299 1434 3398 praefidiO,
1484 3319 1568 3374 ut
1601 3299 1956 3374 clauderet
1988 3302 2374 3388 transitum,
2427 3297 2803 3377 insedisset.

841 3423 1040 3496 Tum
1071 3445 1359 3519 quoque
1386 3440 1642 3493 vexato
1673 3418 2013 3508 exercitu,
2065 3420 2157 3493 ad
2192 3421 2654 3518 Naupactum
2682 3421 2808 3494 de-

840 3539 1154 3617 scendit:
1216 3544 1313 3628 δι,
1364 3565 1513 3615 uno
1568 3538 1846 3614 castello
1897 3538 2220 3615 adversus
2267 3566 2500 3615 arcem
2553 3543 2804 3638 pofit0,

840 3681 1099 3736 ceteras
1150 3681 1375 3758 partes
1424 3657 1646 3748 urbiS,
1698 3658 1930 3734 divifis
1976 3658 2202 3756 copiis
2245 3687 2374 3758 pro
2426 3663 2554 3734 fitu
2609 3686 2807 3736 moe-

840 3781 1072 3870 nium,
1123 3776 1596 3855 circumsedit.
1695 3781 1856 3853 Nec
1885 3778 2126 3853 minus
2151 3779 2381 3876 operis
2406 3779 2808 3880 laborisque

840 3926 923 3974 ea
954 3899 1420 4000 obpugnatio,
1473 3923 1692 3996 quam
1727 3900 2141 3988 Heracleae,
2193 3899 2465 3976 habuit.

937 4021 1222 4094 XXXI.
1324 4020 1609 4093 Eodem
1654 4042 1968 4118 tempore
2015 4024 2084 4094 ὅτ
2133 4023 2454 4097 Meffene
2488 4023 2567 4098 in
2601 4025 2810 4099 Pelo-

840 4139 1153 4240 ponneso
1184 4142 1275 4215 ab
1310 4138 1645 4228 Achaeis,
1698 4141 1899 4238 quod
1935 4139 2225 4216 concilii
2259 4169 2509 4218 eorum
2542 4143 2814 4220 recusa-
