3100 5359
923 636 996 709 L
1046 662 1075 709 1
1135 662 1177 709 B
1233 662 1276 709 E
1333 661 1379 709 a
1482 636 1870 711 XXXVII.
2217 664 2344 739 151

400 820 446 853 “
478 834 609 907 pro
628 809 909 908 legibus
943 808 1209 909 semper
1229 811 1686 887 dominorum
1707 810 2000 910 imperia
2029 811 2344 902 fuerunt,

400 940 447 972 ‘⁶
480 956 629 1027 quo
658 930 1003 1028 gaudent,
1062 956 1257 1029 reges
1286 920 1590 1006 habeant
1619 964 1637 1005 ε
1693 932 1948 1007 Graeci
1983 930 2176 1006 suam
2207 930 2346 1007 for·

398 1060 443 1092 “
480 1070 756 1137 tunam,
848 1049 1105 1123 vestros
1170 1048 1443 1129 animos
1508 1072 1783 1149 gerunt.
1918 1050 2345 1127 Domesticis

396 1179 441 1212 “
476 1153 849 1267 quondam
886 1168 1150 1243 viribus
1182 1168 1395 1243 etiam
1422 1168 1805 1267 imperi-um
1831 1172 2346 1267 amplecteban-

392 1298 440 1331 “
476 1309 630 1375 tur5
682 1314 905 1377 nunc,
958 1288 1341 1387 imperium
1374 1289 1502 1363 ubi
1537 1290 1660 1376 est,
1715 1288 1815 1363 ibi
1851 1312 1932 1363 ut
1975 1294 2054 1364 fit
2097 1314 2344 1387 perpe·

392 1399 711 1497 “‘tuum,
746 1428 1016 1506 optant.
1114 1408 1554 1482 Libertatem
1613 1408 1850 1483 vestris
1901 1408 2082 1485 tueri
2133 1409 2342 1483 armis

393 1536 439 1570 “
474 1524 631 1600 satis
689 1529 977 1614 habent,
1039 1528 1379 1625 quoniam
1433 1526 1571 1601 suis
1619 1552 1763 1602 non
1816 1532 2124 1626 possunt.-
2242 1534 2346 1604 At

392 1656 436 1689 “
472 1644 687 1725 enim
721 1648 1073 1743 quaedam
1137 1645 1451 1721 civitates
1496 1674 1666 1721 cum
1703 1648 2070 1723 Antiocho
2119 1647 2344 1723 sense-

393 1776 437 1809 “
474 1788 661 1840 runt.
764 1770 861 1841 Et
912 1765 1083 1841 aliae
1148 1765 1341 1865 prius
1387 1793 1554 1841 cum
1617 1767 1975 1867 Philippo,
2037 1772 2106 1841 ὅτ
2173 1792 2344 1841 cum

389 1896 435 1930 “
468 1888 741 1984 Pyrrho
766 1884 1158 1961 Tarentini.
1212 1888 1328 1960 Ne
1360 1886 1531 1961 alios
1564 1889 1864 1985 populos
1899 1912 2335 1973 enumerem,

393 2017 437 2049 “
472 2009 835 2104 Karthago
900 2006 1118 2080 libera
1178 2031 1345 2079 cum
1399 2004 1537 2079 suis
1584 2004 1861 2104 legibus
1907 2006 2027 2079 est.
2127 2006 2336 2080 Huic

394 2136 441 2169 “
476 2127 703 2199 vestro
726 2126 1056 2221 exemplo
1084 2146 1431 2222 quantum
1453 2124 1790 2211 debeatiS,
1816 2122 2079 2212 videte,
2103 2127 2340 2199 Patres

396 2256 442 2289 “
480 2244 876 2342 conscripti.
974 2242 1337 2317 Inducetis
1381 2243 1455 2316 in
1494 2243 1818 2317 animum
1869 2269 2118 2343 negare
2189 2247 2339 2318 Eu·

394 2374 439 2407 “
475 2364 703 2439 menis
752 2362 1153 2461 cupiditati,
1205 2364 1405 2461 quod
1446 2362 1851 2458 justiffimae
1900 2362 2040 2436 irae
2083 2362 2342 2437 vestrae

396 2494 443 2525 “
474 2470 789 2583 negastis.
853 2482 1128 2556 Rhodii
1164 2486 1231 2555 &
1268 2481 1341 2555 in
1362 2484 1527 2568 hoe,
1559 2486 1626 2555 &
1649 2480 1726 2569 in
1754 2480 2088 2556 omnibus
2118 2484 2345 2571 bellis,

397 2613 443 2646 “
478 2630 657 2702 quae
694 2588 772 2676 in
812 2602 931 2675 illa
972 2608 1095 2675 ‘ora
1136 2599 1442 2699 geffistis,
1518 2624 1734 2699 quam
1781 2599 1940 2674 forti
2003 2602 2342 2700 fidelique

393 2731 441 2765 “
474 2748 683 2820 opera
710 2748 837 2797 vos
868 2720 1369 2819 adjuver-imuS,
1416 2720 1638 2794 vestro
1671 2720 1954 2815 judicio
2003 2720 2342 2820 relinqui-

394 2852 442 2883 “
475 2868 655 2917 mus.
756 2844 979 2915 Nunc
1025 2842 1101 2913 in
1147 2866 1321 2937 pace
1355 2839 1433 2913 id
1494 2838 1860 2914 confilium
1909 2838 2340 2927 adferimu³3

393 2969 441 3002 “
472 2962 669 3058 quod
699 2962 745 3033 fi
768 2958 1411 3058 comprobaveritiS‚
1454 2958 2020 3057 magnificentius
2047 2985 2172 3034 vos
2195 2958 2343 3035 vic-

390 3088 437 3121 “
472 3078 647 3179 toria
669 3079 827 3155 usos
860 3080 1020 3167 effe,
1043 3105 1261 3176 quam
1293 3077 1558 3166 vicisse,
1595 3102 1840 3152 omnes
1875 3076 2339 3153 existimaturi

389 3208 437 3241 “
470 3202 664 3273 fint.''
712 3206 907 3297 Apta
928 3196 1405 3297 magnitudini
1425 3199 1797 3272 Romanae
1817 3196 2038 3271 oratio
2062 3196 2205 3270 visa
2223 3195 2343 3271 est.

476 3320 639 3393 LV.
738 3318 901 3392 Post
927 3316 1258 3391 Rhodios
1286 3317 1627 3391 Antiochi
1656 3316 1865 3417 legati
1885 3314 2115 3391 vocati
2159 3314 2342 3390 sunt.

388 3435 468 3525 li,
526 3425 816 3537 uulgato
847 3434 1244 3535 petentium
1279 3436 1561 3511 veniam
1595 3462 1818 3527 more,
1863 3461 2166 3511 errorem
2198 3434 2340 3509 faffi

389 3555 584 3655 regis,
640 3556 963 3633 obtestati
995 3554 1153 3630 sunt
1183 3559 1419 3630 Patres
1470 3555 1926 3655 conscriptos„
1963 3570 2013 3603 ‘⁶
2053 3557 2341 3633 Utsuae

388 3684 433 3717 ‘⁸
465 3675 701 3773 potius
750 3675 1192 3764 clementiae,
1236 3700 1455 3773 quam
1490 3674 1670 3775 regis
1698 3680 1975 3775 culpae,
2017 3678 2146 3777 qui
2183 3676 2335 3753 satis

389 3804 435 3836 “
470 3792 813 3894 superque
846 3820 1231 3893 poenarum
1269 3794 1597 3883 dediffet,
1645 3822 1990 3871 memores
2025 3798 2343 3873 consule-

390 3923 435 3955 “
468 3936 639 3990 rent.
740 3914 1101 3990 Postremo
1162 3941 1411 4013 pacem
1476 3917 1714 3990 datam
1773 3944 1814 3990 a
1866 3919 1962 3992 L.
2007 3915 2340 4015 Scipione

390 4040 437 4077 ‘⁸
470 4030 908 4133 impes-atore,
962 4033 1227 4134 quibus
1271 4036 1550 4135 legibus
1583 4034 1902 4125 dediffet,
1970 4039 2340 4111 confirma·

1302 4180 1467 4277 L5
