3100 5359
791 689 924 786 138
1431 689 2062 763 T.L1vrr

787 859 1184 948 Dardanos,
1235 857 1312 932 &
1357 857 1434 933 in
1478 859 1891 950 Thraciam,
1942 863 2036 937 ad
2054 849 2538 937 conducenda
2566 885 2747 938 rner-

784 981 960 1054 cede
1017 978 1280 1054 auxilia
1356 978 1729 1078 profectos·
1854 985 2063 1058 Haec
2134 981 2265 1081 qui
2332 983 2749 1058 nunciarent

782 1103 1128 1188 Romam,
1197 1105 1292 1174 A.
1347 1102 1773 1177 Terentium
1815 1106 2203 1178 Varronem
2246 1105 2317 1178 δε
2370 1103 2489 1178 Μ.
2530 1105 2743 1178 Clau-

783 1221 990 1296 dium
1045 1219 1419 1318 Lepidum
1467 1225 1560 1296 ab
1615 1227 1711 1296 A.
1768 1221 2107 1297 Cornelio
2170 1243 2621 1320 propraetore
2658 1250 2747 1298 ex

785 1339 1070 1416 Aetolia
1101 1339 1338 1416 miffos
1371 1345 1528 1417 effe.
1590 1342 1918 1418 Subtexit
1950 1341 2213 1418 deinde
2235 1341 2513 1420 fabulae
2549 1343 2749 1432 huic,

783 1463 1047 1562 legatos
1084 1463 1376 1537 Aetolos
1413 1463 1484 1537 in
1515 1462 1751 1539 senatu
1790 1463 1973 1538 inter
2006 1489 2233 1540 cetera
2274 1465 2415 1540 hoc
2452 1489 2745 1563 quoque

783 1581 1244 1682 interrogatos
1277 1585 1446 1671 effe3
1479 1585 1675 1659 unde
1700 1584 2076 1672 audiffent,
2106 1583 2559 1682 imperatores
2593 1587 2745 1660 Ro-

783 1728 1030 1780 manos
1065 1701 1142 1778 in
1173 1708 1338 1778 Afia
1368 1726 1609 1802 captos
1646 1707 1739 1780 ab
1780 1705 2149 1782 Antiocho
2180 1729 2371 1803 rege,
2426 1708 2496 1780 ὅτ
2554 1729 2749 1780 exer-

781 1822 1010 1900 citum
1043 1825 1362 1900 deletum
1389 1827 1524 1900 effe
1556 1829 1585 1898 ?
1686 1828 1983 1902 Aetolos
2016 1823 2461 1926 respondisse,
2490 1828 2584 1901 ab
2608 1824 2750 1900 suis

779 1943 1023 2044 legatis
1056 1943 1150 2033 se,
1185 1943 1316 2044 qui
1343 1971 1512 2020 curn
1534 1945 1817 2026 consule
1840 1943 2129 2035 fuerint,
2159 1945 2487 2021 certiores
2505 1944 2747 2020 fffios.

781 2063 1126 2141 Rumoris
1161 2066 1374 2163 hujus
1405 2064 1581 2163 quia
1608 2064 1971 2140 neminem
1994 2059 2599 2141 alium'auctoretn
2627 2067 2749 2140 ha·

780 2189 944 2275 beo,
1013 2211 1247 2284 neque
1293 2187 1665 2262 adfirmata
1707 2192 1813 2262 res
1864 2212 2027 2263 mea
2074 2185 2417 2285 opinione
2454 2189 2559 2274 fit,
2612 2213 2749 2262 nec

777 2331 908 2406 pro
938 2331 1120 2382 vana
1151 2306 1641 2405 praetermiffa.

875 2428 1160 2502 XLIX.
1261 2425 1503 2502 Aetoli
1556 2426 1769 2526 legati
1820 2426 1899 2501 in
1951 2427 2271 2502 senatum
2327 2426 2745 2518 introducti,

775 2573 1008 2650 quum
1049 2547 1130 2619 &
1163 2545 1396 2621 cauffa
1427 2573 1546 2620 eos
1601 2546 1723 2622 sua
1754 2547 1831 2620 δι
1872 2546 2155 2624 fortuna
2202 2551 2617 2638 hortaretur,
2666 2572 2751 2624 ut

777 2668 1190 2746 confitendo
1242 2665 1362 2742 seu
1409 2664 1569 2741 suae
1622 2670 1875 2765 culpae
1911 2666 2027 2742 seu
2064 2668 2275 2743 errori
2310 2670 2593 2744 veniam
2626 2697 2747 2769 pe-

773 2809 1002 2864 terent
1066 2785 1414 2886 supplices
1443 2820 1467 2875 3
1527 2787 1662 2862 orfi
1726 2815 1771 2862 a
1830 2787 2197 2864 beneficiis
2248 2787 2327 2862 in
2390 2791 2751 2889 populum

772 2911 1222 2996 Romanum,
1271 2907 1349 2982 δι
1385 2933 1609 3006 prope
1651 2912 2151 3007 exprobrantes
2182 2909 2517 2986 virtutem
2549 2909 2747 2986 suam

773 3027 852 3104 in
884 3026 1200 3128 Philippi
1235 3029 1451 3117 bello,
1489 3028 1568 3102 δε
1610 3027 2091 3104 obfenderunt
2126 3056 2329 3106 aures
2382 3029 2748 3108 insolentia

774 3148 1111 3226 sermonis
1126 3183 1150 3239 3
1211 3151 1290 3224 &
1344 3177 1458 3238 en,
1526 3171 1761 3226 vetera
1799 3150 1876 3223 ὅτ,
1916 3151 2285 3228 obliterata
2333 3155 2743 3251 repetend0,

775 3299 926 3354 rem
956 3273 1440 3359 adduxerunt,
1471 3293 1557 3346 ut
1588 3273 1784 3362 haud
1816 3272 2055 3370 paullo
2105 3272 2425 3371 plurium
2476 3276 2747 3350 malefi-

771 3390 1047 3470 ciorum
1069 3391 1325 3492 gentis,
1353 3419 1575 3492 quam
1607 3392 2151 3482 beneficiorum,
2178 3393 2527 3468 memoria
2552 3392 2741 3470 subi-

771 3533 878 3588 ret
925 3512 1202 3589 animos
1241 3517 1560 3600 Panum,
1608 3517 1706 3601 ὅτ,
1754 3511 2023 3612 quibus
2056 3511 2539 3590 misericordia
2563 3539 2743 3613 opus

771 3653 942 3722 erat,
973 3633 1148 3708 iram
1185 3637 1254 3709 δι
1283 3632 1536 3708 odium
1566 3631 1931 3708 irritarent.
2032 3633 2445 3734 Interrogati
2482 3639 2571 3711 ab
2592 3662 2745 3711 uno

771 3753 1109 3842 senatore,
1160 3764 1212 3797 “
1247 3752 1822 3852 permitterentne
1852 3753 2223 3831 arbitrium
2254 3757 2347 3828 de
2372 3754 2439 3830 se
2468 3758 2743 3854 populo

773 3885 825 3926 “
860 3877 1199 3950 Romano
1219 3877 1292 3948 ?”
1342 3873 1607 3950 deinde
1640 3877 1731 3950 ab
1762 3877 2004 3964 altere,
2076 3887 2127 3920 “
2164 3874 2569 3952 habiturine
2594 3875 2743 3952 eos-

771 4006 822 4040 “
858 3997 1054 4084 dem,
1117 4020 1298 4095 quos
1337 3997 1645 4095 populus
1679 3998 2083 4085 Romanus,
2142 3995 2364 4072 socios
2400 4001 2471 4070 ὅτ.
2510 3997 2742 4072 hostes

771 4128 820 4174 ‘⁵‘
857 4119 1074 4192 essent
1090 4119 1166 4191 ?'’
1213 4114 1396 4191 nihil
1429 4117 1522 4190 ad
1570 4143 1653 4192 ea
1695 4113 2218 4215 respondenteS,
2264 4116 2507 4218 egredi
2554 4139 2737 4194 tem·
