3100 5359
909 670 982 743 L
1036 695 1064 742 1
1125 694 1164 742 Β
1213 693 1256 744 Ε
1307 693 1353 742 R
1457 671 1845 744 XXXVII.
2194 697 2326 767 119

369 851 422 884 “
451 838 798 914 staturum
843 839 1110 938 populo
1167 845 1571 916 Romano.”
1669 845 1833 916 Hae
1882 841 2324 916 conditiones

367 982 561 1036 erant
591 958 808 1056 pacis·
906 960 1220 1057 Reliqua
1269 962 1488 1036 oratio
1517 961 1679 1049 fuit,
1718 974 1766 1004 “
1808 965 1939 1048 Ut,
1982 988 2325 1036 memores

368 1088 419 1123 “
455 1085 687 1154 rerum
715 1081 1209 1168 humanarum,
1246 1082 1320 1154 δε
1355 1081 1510 1156 suae
1537 1082 1854 1156 fortunae
1890 1083 2326 1155 moderaren-

370 1209 420 1243 “
457 1217 600 1287 tur,
637 1203 703 1273 ὅτ
737 1199 1036 1274 alienam
1063 1226 1153 1274 ne
1180 1222 1581 1299 urguerent.
1684 1201 2003 1275 Finirent
2042 1203 2329 1298 Europa

370 1327 422 1361 “
457 1318 861 1416 imperium.
985 1322 1076 1394 ·1d
1143 1346 1434 1417 quoque
1493 1320 1893 1394 inmensum
1954 1324 2111 1394 effe.
2233 1323 2328 1394 Et

369 1447 419 1480 “
455 1437 675 1536 parari
755 1440 1022 1537 fingula
1115 1439 1561 1538 adquirendo
1642 1439 1916 1514 facilius
2000 1440 2324 1538 potuiffe,

369 1569 420 1602 “
457 1584 676 1657 quam
707 1557 1026 1633 universa
1045 1559 1260 1633 teneri
1289 1562 1500 1659 pofl‘e.
1538 1613 1550 1625 .
1599 1562 1821 1661 Qod
1848 1565 1891 1634 fi
1925 1565 2123 1634 Afiae
2146 1587 2327 1659 quo-

367 1689 420 1722 “
457 1703 600 1776 que
631 1701 896 1777 partem
930 1680 1242 1778 aliquam
1275 1679 1662 1754 abstrahere
1710 1679 1953 1768 velint,
1991 1681 2326 1755 dummo-

369 1808 420 1842 “
457 1799 554 1872 do
597 1824 742 1871 non
794 1798 1033 1873 dubiis
1084 1797 1490 1898 regionibus
1556 1799 1827 1887 finiant,
1882 1798 2072 1873 vinci
2129 1800 2327 1875 suam

369 1929 418 1960 “
457 1917 992 2016 temperantiam
1029 1921 1358 1992 Romana
1383 1917 1797 2015 cupiditate,
1834 1918 2023 2016 pacis
2064 1923 2130 1992 ὅτ
2160 1945 2326 1993 con-

369 2047 418 2080 “
456 2038 736 2112 cordiae
796 2040 1048 2124 cauffa,
1109 2063 1347 2136 regem
1413 2040 1836 2134 paffurum.''
1938 2041 2069 2125 Ea,
2144 2063 2325 2135 quae

365 2160 597 2257 legato
633 2183 890 2256 magna
919 2158 1012 2230 ad
1045 2181 1294 2254 pacem
1329 2157 1844 2254 impetrandam
1877 2156 2327 2245 videbantur,

365 2304 575 2375 parva
607 2276 958 2351 Romanis
989 2275 1150 2350 visa.
1249 2279 1471 2363 Nam,
1541 2285 1590 2319 ‘⁶
1628 2275 1699 2346 &
1730 2273 2115 2373 inpensam,
2145 2303 2324 2374 quae

367 2407 416 2440 “
452 2396 526 2470 in
558 2398 826 2471 bellum
856 2394 1038 2469 facta
1070 2397 1258 2484 effet,
1316 2421 1606 2470 omnem
1640 2394 1975 2492 praestare
2011 2399 2323 2495 regem,'’

365 2541 678 2615 aequum
713 2515 1109 2602 censebant,
1163 2525 1214 2558 ‘⁶
1245 2515 1442 2610 cujus
1485 2516 1699 2612 culpa
1742 2517 2009 2589 bellum
2068 2515 2325 2590 excita·

368 2645 418 2678 “
455 2657 615 2711 turn
651 2637 851 2722 effet3
907 2635 1008 2723 δε,
1065 2661 1206 2709 non
1228 2634 1448 2708 'Ionia
1492 2637 1713 2708 modo
1774 2656 1985 2732 atque
2022 2636 2325 2711 Aeolide

369 2765 418 2800 “
455 2753 722 2830 deduci
752 2755 1006 2828 debere
1037 2755 1370 2852 praefidia
1389 2753 1609 2853 regia:
1648 2753 1793 2842 sed,
1828 2758 2002 2828 ficut
2028 2754 2327 2830 Graecia

365 2884 416 2917 ‘⁶
451 2873 686 2948 omnis
718 2873 1004 2948 liberata
1036 2875 1224 2960 effet,
1278 2873 1399 2962 ita,
1447 2899 1628 2971 quae
1664 2874 1739 2948 in
1776 2877 1937 2947 Afia
1968 2877 2122 2962 sint,
2170 2901 2323 2949 om-

360 3005 410 3038 “
447 3019 572 3067 nes
629 2992 906 3067 liberari
960 2995 1189 3067 urbes·
1288 2994 1376 3066 Id
1433 2993 1632 3067 aliter
1680 2993 1831 3067 fieri
1890 3019 2035 3068 non
2100 2996 2317 3090 poffe,

365 3125 414 3158 “
452 3139 672 3212 quam
699 3135 782 3187 ut
813 3113 914 3188 cis
941 3117 1264 3188 Taurum
1299 3133 1619 3187 montem
1668 3115 2070 3211 pofl‘eflione
2123 3115 2323 3188 Afiae

366 3244 415 3278 “
455 3233 862 3309 Antiochus
897 3233 1168 3308 cedat.''

459 3353 814 3428 XXXVI.
925 3355 1265 3450 Legatus,
1313 3337 1685 3449 postquam
1740 3349 1919 3424 nihil
1976 3351 2183 3448 aequi
2246 3351 2322 3426 in

367 3473 650 3548 consilio
686 3472 1049 3572 impetrare
1094 3470 1160 3545 se
1196 3469 1540 3558 censebat,
1590 3470 1915 3569 privatim
1956 3475 2073 3568 (fic
2126 3471 2321 3546 enim

368 3591 792 3690 imperatum
848 3593 1018 3684 erat)
1059 3593 1139 3664 P.
1174 3589 1522 3688 Scipionis
1558 3611 1818 3664 tentare
1865 3590 2189 3664 animum
2222 3591 2321 3666 est

368 3734 682 3787 conatus·
783 3709 1134 3784 Omnium
1169 3708 1512 3808 primum,
1547 3710 1778 3784 filium
1814 3710 1877 3784 ei
1914 3715 2050 3783 fine
2096 3709 2321 3806 pretio

366 3833 816 3908 redditurum
851 3857 1118 3929 regem,
1147 3828 1370 3903 dixit:
1409 3829 1697 3918 deinde,
1731 3830 2011 3930 ignarus
2076 3833 2145 3904 &
2168 3830 2317 3903 ani-

367 3953 468 4028 mi
494 3951 872 4051 ScipioniS,
924 3954 991 4024 ὅτ
1040 3949 1255 4024 moris
1309 3949 1650 4036 Romani,
1712 3948 1862 4023 auri
1894 3951 2177 4047 pondus
2212 3949 2317 4023 in-

365 4098 534 4173 gens
563 4071 665 4148 est
688 4068 1070 4168 pollicitus,
1107 4073 1202 4160 &‚
1233 4068 1523 4144 nomine
1545 4091 1822 4145 tantum
1849 4068 2043 4169 regio
2062 4095 2316 4167 excep·

1288 4189 1422 4285 15
