3100 5359
737 628 880 727 328
1265 624 2027 701 ‘T.L1vrx

839 798 1117 875 XLIV.
1217 798 1304 873 In
1329 798 1651 897 equitatu
1676 797 2248 899 recognoscendo
2266 801 2365 876 L.
2388 797 2721 898 Scipioni

741 918 1070 1019 Asiageni
1098 919 1423 993 ademtus
1457 944 1707 1016 equuS.
1810 921 1893 993 In
1920 921 2237 994 cenfibus
2269 944 2569 1018 quoque
2602 946 2719 995 ac·

739 1036 1092 1137 cipiendis
1121 1037 1328 1113 tristis
1361 1042 1428 1111 &
1457 1037 1691 1136 aspera
1722 1038 1801 1113 in
1833 1050 2083 1116 omnes
2114 1038 2401 1115 ordines
2424 1038 2724 1121 censura

735 1158 897 1234 fuit.
952 1163 1388 1234 ornamenta
1407 1162 1474 1233 δι
1502 1157 1769 1236 vestem
1794 1158 2219 1237 muliebrem
2252 1164 2324 1239 &
2355 1160 2721 1248 vehieuh,

739 1306 924 1379 quae
943 1280 1192 1379 pluriS,
1219 1304 1438 1377 quam
1463 1277 1889 1375 quindecim
1907 1279 2219 1357 millium
2240 1279 2440 1368 aeris,
2468 1280 2721 1369 effent,

735 1399 816 1473 in
869 1398 1162 1475 censum
1213 1398 1465 1473 referre
1511 1398 1805 1481 viatores
1836 1401 2052 1498 juflit.
2150 1404 2333 1479 Item
2358 1399 2726 1500 mancipia

739 1518 1017 1597 minora
1039 1519 1242 1595 annis
1271 1517 1559 1619 viginti,
1594 1546 1776 1619 quae
1796 1520 1951 1619 post
1973 1519 2385 1619 proximum
2414 1520 2725 1597 lustrum

740 1643 994 1720 decem
1027 1640 1348 1718 millibus
1379 1639 1583 1729 aeris,
1616 1662 1739 1715 aut
1770 1666 1857 1717 eo
1884 1639 2131 1738 pluria,
2180 1639 2555 1729 veniffent‚
2616 1638 2728 1719 uti

739 1788 822 1838 ea
853 1788 1149 1861 quoque
1177 1760 1412 1835 decies
1435 1782 1634 1836 tanto
1668 1760 1915 1859 pluris²
1942 1786 2163 1860 quam
2188 1760 2441 1859 quanti
2472 1763 2721 1849 effent.

739 1881 1270 1959 aestimarentur
1289 1914 1314 1970 3
1365 1883 1440 1955 &
1471 1881 1584 1955 his
1616 1884 1825 1957 rebus
1858 1880 2197 1957 omnibus
2230 1881 2410 1957 terni
2444 1880 2527 1959 in
2560 1880 2731 1959 mil..

741 2002 836 2077 lia
885 2001 1060 2079 aeris
1111 2001 1701 2077 adtribuerentur.
1834 2006 2129 2099 Aquam
2160 2001 2537 2099 publicam
2568 2028 2719 2079 om·

742 2150 938 2213 nem,
978 2122 1052 2199 in
1075 2122 1428 2221 privatum
1463 2121 1875 2199 aedificium
1908 2144 2033 2199 aut
2062 2148 2315 2221 agrum
2344 2125 2723 2211 fluentem,

740 2245 1208 2332 ademerunt3
1261 2247 1358 2331 ὅτ,
1425 2269 1610 2342 quae
1658 2242 1733 2317 in
1766 2245 1925 2319 loca
1960 2242 2250 2341 publica
2274 2242 2725 2325 inaedificata

743 2363 1157 2441 inmolitave
1181 2362 1434 2464 privati
1463 2366 1846 2450 habebant,
1884 2363 2064 2437 intra
2096 2362 2248 2439 dies
2278 2362 2577 2463 triginta
2602 2366 2726 2439 dse-

743 2483 978 2560 moliti
1028 2484 1211 2560 sunt.
1311 2487 1548 2583 Opera
1576 2483 1836 2577 deinde
1871 2484 2193 2560 facienda
2216 2510 2309 2568 ex
2333 2485 2625 2560 decreta
2654 2483 2729 2559 in

743 2632 900 2681 eam
935 2632 1088 2709 rem
1117 2603 1451 2703 pecunia,
1497 2607 1691 2680 lacus
1724 2605 2131 2681 sternendos
2162 2604 2427 2703 lapide,
2490 2605 2725 2681 deter-

741 2724 1176 2825 gendasque‚
1229 2750 1376 2823 qua.
1401 2750 1585 2822 opus
1617 2728 1809 2813 essct,
1854 2727 2129 2807 cloacas
2144 2758 2170 2813 3
2220 2724 2301 2800 in
2352 2724 2730 2801 Aventino

741 2850 810 2920 a:
845 2844 923 2919 in
965 2844 1118 2919 aliis
1144 2844 1490 2945 partibus,
1552 2870 1697 2944 qua
1728 2847 2059 2920 nondum
2089 2866 2310 2934 erant,
2362 2843 2729 2921 faciendas

738 2967 1172 3041 locaverunt.
1266 2968 1365 3039 Et
1393 2964 1757 3063 separatim
1781 2967 2076 3041 Flaccus
2108 2968 2377 3041 molem
2404 2970 2501 3046 ad
2518 2972 2603 3043 N
2604 2992 2724 3066 ep-

743 3086 974 3163 tunias
1002 3094 1248 3186 aquas,
1282 3107 1367 3161 ut
1390 3086 1521 3161 iter
1551 3086 1824 3185 populo
1850 3088 2042 3175 effer,
2078 3090 2148 3165 ὅτ
2174 3086 2363 3163 viam
2384 3112 2511 3185 per
2546 3090 2725 3163 For-

741 3206 1066 3283 mianum
1119 3225 1462 3282 montem.
1564 3208 1747 3283 Cato
1798 3205 1971 3281 atria
2008 3208 2187 3296 duo,
2232 3208 2622 3288 Maenium
2656 3214 2729 3287 ὅτ

741 3326 1030 3402 Titium
1053 3326 1134 3401 in
1165 3325 1556 3415 lautumiis,
1586 3330 1651 3401 δι
1690 3346 1998 3425 quatuor
2022 3332 2367 3420 tabernas,
2422 3329 2501 3403 in
2534 3334 2725 3428 pub·

741 3446 968 3523 licum
1001 3446 1222 3535 emit;
1273 3447 1769 3547 basilicamque
1824 3447 1927 3524 ibi
1980 3447 2175 3537 fecit,
2236 3474 2421 3549 quae
2472 3451 2730 3529 Porcia

743 3570 1094 3667 adpellata
1125 3568 1248 3643 est.
1347 3570 1448 3645 Et
1479 3568 1853 3671 vectigalia
1882 3568 2177 3645 summis
2202 3568 2470 3669 pretiis,
2532 3576 2731 3649 ultro

744 3689 1012 3766 tributa
1042 3686 1310 3763 infimis
1327 3691 1760 3765 locaverunt.
1853 3694 2055 3791 Quas
2079 3690 2462 3767 locationes
2486 3716 2727 3790 quum

747 3811 1048 3899 senatus,
1083 3807 1414 3909 precibus
1446 3814 1514 3884 ὅτ
1545 3809 1853 3887 lacrimis
1882 3810 2433 3908 publicanorum
2460 3812 2727 3902 victua,

747 3928 998 4007 induci
1018 3935 1088 4006 ὅτ
1115 3931 1206 4005 de
1227 3930 1507 4030 integro
1527 3931 1741 4006 locari
1756 3932 2080 4029 juffiffet3
2116 3931 2458 4021 censores,
2480 3933 2727 4017 edicto

749 4049 1096 4129 submotis
1137 4054 1230 4149 ab
1261 4050 1478 4141 hasta,
1537 4050 1671 4151 qui
1700 4050 2051 4129 ludificati
2084 4052 2395 4151 priorem
2428 4054 2725 4157 locatiof
