3100 5359
823 708 896 781 L
947 732 975 780 1
1035 734 1075 782 Β
1135 731 1178 781 E
1233 733 1280 781 R
1383 707 1814 784 XXXVIII.
2160 735 2302 812 205

343 876 610 954 obvius
664 876 884 952 hostis
954 879 1176 954 Gallis
1225 887 1408 954 erat:
1463 901 1544 954 ut
1586 907 1673 954 ne
1720 880 1961 980 fugam
2010 881 2307 979 quidem

339 997 628 1074 facilem
663 1019 786 1072 aut
819 1019 1046 1072 tutam
1073 1000 1435 1087 haberent,
1472 999 1647 1097 quia
1679 999 2079 1075 recentibus
2100 1000 2307 1098 equis

335 1117 662 1194 Romani
717 1115 918 1191 feffos
969 1117 1460 1217 sequebantur.
1562 1119 1781 1194 Pauci
1836 1145 2003 1218 ergo
2036 1122 2304 1219 effuge·

334 1259 536 1312 runt.
637 1239 906 1334 Captus
957 1238 1056 1311 est
1114 1264 1362 1314 nemo:
1415 1238 1636 1334 major
1688 1242 1918 1314 multo
1970 1267 2121 1338 pars
2188 1265 2313 1338 per

338 1358 572 1431 fidem
641 1355 884 1430 violati
955 1356 1323 1454 conloquii
1389 1384 1648 1456 poenas
1714 1381 1937 1434 morte
2004 1361 2309 1434 luerunt.

338 1475 694 1565 Romani,
746 1475 1156 1551 ardentibus
1179 1476 1282 1550 ira
1309 1477 1589 1566 animiS,
1626 1479 1900 1577 postero
1934 1477 2051 1553 die
2074 1477 2309 1554 omni-

338 1599 484 1672 bus
517 1595 742 1694 copiis
773 1597 866 1670 ad
893 1597 1164 1670 hostem
1197 1598 1642 1694 perveniunt.

449 1718 733 1790 XXVI.
835 1717 1150 1790 Biduum
1210 1739 1456 1790 natura
1501 1715 1761 1792 montis
1796 1744 1920 1815 per
1962 1717 2027 1793 se
2080 1717 2315 1816 ipsum

345 1836 800 1933 exploranda,
839 1863 926 1909 ne
961 1835 1140 1934 quid
1176 1835 1399 1934 ignoti
1446 1839 1634 1924 effet,
1686 1837 2011 1912 absumsit
2046 1838 2311 1915 consul.

347 1955 602 2030 Tertio
623 1955 769 2043 die,
793 1981 1022 2054 quum
1049 1954 1361 2052 auspicio
1387 1983 1673 2053 operam
1705 1958 2025 2046 dediffet,
2049 1959 2309 2036 deinde

351 2075 768 2162 inmolaffet‚
805 2074 877 2146 in
909 2095 1213 2172 quatuor
1239 2097 1464 2173 partes
1490 2075 1741 2150 divisas
1766 2075 2001 2175 copias
2028 2077 2304 2153 educit:

345 2197 526 2268 duas
574 2215 653 2266 ut
694 2193 937 2268 medio
970 2211 1216 2268 monte
1248 2196 1563 2282 duceret,
1618 2197 1793 2270 duas
1824 2198 1916 2271 ab
1974 2196 2309 2272 lateribus

347 2336 432 2388 ut
475 2313 802 2388 adversus
836 2338 1102 2388 cornua
1135 2316 1508 2388 Gallorum
1544 2315 1859 2416 erigeret.
1960 2315 2309 2392 Hostium

347 2435 554 2532 quod
599 2433 868 2508 roboris
911 2454 1080 2520 erat,
1132 2433 1506 2532 Tectosagi
1550 2437 1627 2508 ὅτ
1659 2433 1956 2512 Trocmi
1997 2434 2309 2510 mediam

353 2556 688 2628 tenebant
739 2551 994 2640 aciem,
1059 2551 1282 2627 millia
1323 2553 1703 2628 hominum
1770 2553 2313 2654 quinquaginta.

354 2673 782 2771 Equitatum
821 2671 1024 2770 (quia
1055 2697 1403 2770 equorum
1437 2673 1674 2748 nullus
1701 2673 1883 2748 inter
1914 2673 2314 2773 inaequales

353 2820 566 2891 rupes
599 2793 763 2868 usus
791 2791 964 2885 erat)
1009 2793 1102 2865 ad
1147 2793 1361 2889 pedes
1391 2794 1814 2881 deduetum,
1868 2796 2117 2870 decem
2150 2794 2309 2870 mil-

351 2913 448 2988 lia
471 2913 878 3001 hominum,
915 2915 1004 2986 ab
1039 2913 1289 2986 dextro
1321 2914 1731 2988 locaverunt
1763 2939 2008 2989 cornu.
2108 2915 2311 2991 Aria-

349 3031 564 3107 rathis
613 3033 1070 3130 Cappadoces
1130 3037 1198 3105 &
1251 3031 1498 3106 Morzi
1545 3031 1913 3107 auxiliares
1964 3032 2043 3109 in
2105 3037 2313 3111 laevo

352 3173 660 3252 quatuor
687 3151 908 3226 ferme
921 3137 1238 3224 millium
1267 3177 1647 3226 numerum
1670 3155 2067 3250 explebant.
2119 3157 2310 3230 Con-

354 3271 482 3364 sul,
531 3277 706 3349 ficut
755 3271 834 3345 in
874 3272 1193 3369 Olympo
1239 3293 1508 3358 monte,
1545 3270 1773 3368 prima
1800 3272 1875 3346 in
1908 3273 2059 3348 acie
2084 3276 2313 3350 locata

355 3391 490 3467 levi
543 3413 918 3480 armatura,
971 3393 1274 3466 telorum
1335 3391 1566 3466 omnis
1625 3391 1897 3492 generis
1948 3414 2032 3468 ut
2087 3419 2311 3491 aeque

353 3539 610 3614 magna
641 3514 746 3588 vis
779 3515 871 3588 ad
905 3539 1198 3588 manum
1234 3517 1422 3602 effer,
1480 3514 1768 3588 curavit.
1872 3515 2025 3592 Ubi
2060 3519 2310 3616 adpro-

355 3633 818 3731 pinquarunt,
853 3633 1097 3708 omnia
1121 3635 1370 3708 eadem
1397 3633 1786 3732 utrimque,
1820 3661 2001 3734 quae
2036 3635 2313 3714 fuerant

353 3752 428 3828 in
457 3753 688 3851 priore
722 3752 1016 3853 proeli0,
1051 3777 1244 3828 erant
1276 3771 1546 3853 praeter
1574 3753 1871 3842 animos,
1927 3761 1995 3829 &
2026 3757 2309 3833 victori-

358 3877 488 3950 bus
547 3877 640 3950 ab
687 3899 760 3947 re
816 3871 1124 3949 secunda
1187 3876 1454 3962 auclos,
1505 3874 1581 3946 δι
1644 3875 1962 3951 hostibus
2016 3875 2305 3955 fractos:

361 3994 554 4092 quia,
581 3993 706 4069 etfi
733 4019 878 4068 non
901 3993 1020 4092 ipfi
1041 3993 1212 4068 vieti
1239 4015 1459 4085 erant,
1487 3994 1646 4070 suae
1674 3994 1903 4094 gentis
1928 3996 2311 4074 hominum

362 4115 632 4191 cladem
677 4139 808 4212 pro
853 4111 972 4189 sua
1005 4115 1386 4192 ducebant.
1485 4113 1733 4213 Itaque
1767 4141 1809 4192 a
1840 4115 2126 4215 paribus
2170 4117 2307 4193 ini-
