3100 5359
994 676 1769 797 'Lraanxh
2257 750 2402 828 403

424 893 654 969 batur.
754 893 866 967 Ut
898 891 1199 992 quidem
1232 894 1423 971 filius
1454 898 1606 993 ejus
1641 894 2066 998 QFulvius
2101 899 2398 975 Flaccus

420 1010 503 1086 in
566 1012 811 1087 locum
850 1012 1083 1089 vitrici
1139 1014 1387 1091 consul
1430 1015 1530 1090 est
1570 1018 1984 1105 declaratus,
2033 1016 2398 1117 aliquanto

422 1131 653 1232 magis
703 1130 984 1208 infamis
1043 1159 1232 1210 mors
1284 1134 1558 1210 Pisonis
1593 1135 1830 1236 coepit
1863 1137 2036 1210 effe:
2091 1140 2160 1210 ὅτ.
2195 1137 2398 1212 testes

424 1250 865 1342 exfistebant‚
915 1253 1045 1352 qui
1078 1254 1233 1353 post
1266 1256 1652 1331 declaratos
1685 1254 2003 1331 consules
2038 1256 2396 1331 Albinum

424 1370 503 1443 &
544 1371 902 1463 Pisonem,
951 1374 1219 1473 quibus
1267 1374 1580 1451 comitiis
1629 1377 1930 1451 Flaccus
1987 1377 2241 1450 tulerat
2289 1402 2395 1451 re-

417 1489 719 1589 pulsam,
752 1492 829 1565 &
848 1497 1351 1594 exprobratum
1370 1496 1439 1571 ei
1469 1521 1512 1570 a
1544 1516 1764 1572 matre
1795 1494 2136 1585 dicerent,
2187 1498 2394 1594 quod

407 1611 559 1707 jam
588 1609 655 1685 ei
688 1612 977 1689 tertium
1012 1634 1306 1713 negatus
1339 1614 1742 1692 consulatus
1772 1614 2042 1716 petenti
2070 1617 2266 1705 effet,
2315 1620 2388 1693 &

415 1730 761 1827 adjecifl‘e,
814 1743 865 1777 “
901 1753 1170 1834 pararet
1220 1734 1287 1809 se
1338 1736 1430 1811 ad
1482 1738 1924 1836 petendum3
1978 1735 2162 1811 intra
2201 1738 2391 1812 duos

421 1850 781 1928 “menses
843 1854 1277 1944 effecturam,
1351 1874 1439 1929 ut
1500 1853 1750 1931 consul
1813 1858 2079 1931 fieretl?
2200 1858 2391 1931 Inter

414 1971 665 2046 multa.
714 1971 853 2047 alia
921 1973 1345 2063 testimonia,
1414 1976 1509 2049 ad
1572 1977 1880 2051 caussam
1941 1973 2392 2074 pcrtinentia‚·

414 2092 591 2173 haec
610 2116 905 2191 quoque
937 2118 1109 2183 vox,
1158 2092 1377 2171 nimis
1402 2120 1572 2169 vero
1602 2115 1860 2171 eventu
1897 2098 2384 2193 comprobata,

414 2209 663 2299 valuit,
716 2237 845 2287 cur
878 2212 1193 2289 Hostilia
1221 2215 1693 2290 damnaretur.
1794 2213 1998 2290 Veris
2031 2212 2388 2313 principio

412 2331 651 2427 hujus,
702 2333 883 2407 dum
913 2333 1232 2409 consules
1261 2360 1482 2410 novos
1506 2336 1824 2411 deledlms
1856 2336 2136 2410 Romae
2163 2356 2382 2424 tenet,

408 2476 601 2529 mors
654 2453 917 2529 deinde
960 2453 1269 2544 alterius,
1320 2456 1398 2529 δε
1430 2454 1719 2532 creandi
1752 2453 2047 2532 comitia
2077 2454 2384 2531 consulis

411 2572 491 2649 in
542 2576 786 2652 locum
837 2576 1009 2671 ejus,
1061 2576 1306 2651 omnia
1349 2576 1652 2651 tardiora
1683 2574 2043 2651 fecerunt:
2097 2574 2384 2653 interim

411 2697 496 2770 P.
523 2694 895 2770 Cornelius
944 2700 1013 2770 δι
1061 2698 1179 2770 Μ.
1208 2694 1534 2784 Baebius,
1586 2694 1718 2793 qui
1761 2694 1838 2770 in
1873 2693 2236 2771 consulatu
2271 2696 2382 2770 ni·

410 2813 517 2889 hil
566 2814 1033 2891 memorabile
1078 2816 1441 2915 gefferant,
1513 2814 1590 2888 in
1663 2820 2008 2915 Apuanos
2072 2817 2380 2915 Ligures

410 2934 805 3010 exercitum
840 2934 1299 3010 induxerunt.

506 3052 933 3139 XXXVIII.
1033 3054 1367 3154 LigureS,
1442 3056 1576 3154 qui
1629 3075 1790 3131 ante
1849 3056 2238 3131 adventum
2299 3054 2377 3130 in

404 3172 847 3275 provinciam
868 3173 1243 3251 consulum
1271 3200 1416 3249 non
1442 3174 1938 3273 exspcetaffent
1963 3176 2232 3250 bellum
2265 3172 2376 3250 in-

402 3293 683 3393 proviso
746 3296 1069 3394 obpreffi,
1116 3295 1209 3370 ad
1272 3295 1662 3370 duodecim
1727 3293 1951 3369 millia
1993 3292 2378 3370 hominum

405 3414 839 3490 dediderunt
860 3413 948 3489 se.
1052 3416 1221 3503 Eos,
1276 3413 1597 3490 consulto
1615 3441 1739 3514 per
1769 3415 1998 3491 literas
2028 3414 2226 3515 prius
2273 3414 2372 3493 se-

404 3554 631 3623 natu,·
657 3535 1007 3609 deducere
1060 3560 1152 3609 ex
1201 3533 1570 3610 montibus
1613 3534 1688 3611 in
1723 3562 1926 3637 agros
1956 3536 2372 3637 campestres

400 3657 655 3754 procul
702 3659 795 3733 ab
846 3658 1093 3744 domo,
1144 3683 1234 3731 ne
1278 3655 1545 3731 reditus
1573 3655 1724 3755 spes
1756 3658 1946 3747 effet,
1998 3657 2370 3734 Cornelius

402 3780 473 3851 &
528 3776 831 3853 Baebius
874 3776 1292 3865 statuerunt,
1343 3777 1628 3851 nullum
1669 3774 1894 3852 alium
1937 3799 2098 3853 ante
2147 3780 2370 3853 finem

399 3894 531 3971 rati
582 3895 729 3971 fore
786 3895 1151 3997 Ligustini
1209 3895 1399 3971 belli.
1500 3900 1698 3997 Ager
1737 3897 2072 3998 publicus
2113 3895 2368 3995 populi

400 4015 719 4093 Romani
782 4038 929 4094 erat
982 4015 1058 4092 in
1116 4014 1580 4105 SamnitibuS‚
1631 4017 1762 4115 qui
1821 4020 2364 4093 Taurasinorum

406 4135 689 4239 [fixerat.
792 4140 877 4213 In
898 4162 1067 4213 eum
1092 4136 1361 4237 quum]
1392 4138 1757 4215 traducere
1783 4137 2088 4239 Ligures
2117 4142 2362 4237 Apua-
