3100 5359
777 686 914 753 104
1432 660 2060 733 T.L1v11

770 830 1022 908 clitum
1056 856 1229 905 cum
1280 831 1539 931 viginti
1573 832 1874 907 navibus
1907 832 2208 907 rostratis
2253 834 2342 905 ad
2377 832 2622 905 Patara
2674 836 2746 907 ὅτ

772 951 1135 1051 Megisten
1178 975 1464 1048 portum
1500 951 1859 1031 miserunt.
1933 953 2350 1026 Eudamum
2379 975 2553 1024 cum
2595 948 2748 1047 sep-

774 1091 924 1145 tem
958 1069 1257 1145 navibus
1294 1071 1623 1145 maximis
1659 1098 1750 1145 ex
1785 1096 1865 1145 ea
1897 1072 2125 1157 classe,
2171 1070 2293 1145 cui
2327 1069 2747 1168 praefuerat,

772 1194 1066 1265 Samum
1113 1190 1339 1264 redire
1392 1192 1485 1265 ad
1516 1193 1884 1265 Romanos
1918 1191 2306 1285 jufferunt3
2359 1211 2470 1277 ut,
2519 1214 2750 1287 quan-

775 1328 932 1383 tum
992 1309 1302 1397 confili0‚
1356 1332 1706 1407 quantum
1759 1309 2170 1399 auctoritate
2223 1311 2502 1395 valeret,
2552 1335 2748 1383 com-

776 1430 1064 1529 pelleret
1091 1432 1457 1503 Romanos
1492 1431 1584 1503 ad
1619 1432 1864 1502 Patara
1895 1431 2405 1527 obpugnanda.

876 1552 1118 1623 XXV.
1218 1550 1568 1646 Magnam
1624 1546 1959 1623 laetitiam
1997 1548 2346 1623 Romanis
2372 1550 2525 1644 jam
2557 1545 2754 1645 prius

778 1667 1084 1743 nuncius
1116 1666 1473 1754 vietoriae,
1511 1667 1771 1741 deinde
1797 1669 2142 1743 adventus
2171 1668 2430 1741 adtulit
2463 1666 2750 1741 Rhodi.-

781 1814 1012 1863 orum.
1115 1791 1210 1861 Et
1262 1789 1664 1885 adparebat,
1716 1793 1763 1863 fi
1817 1814 1898 1863 ea
1942 1813 2114 1863 cura
2157 1786 2469 1863 Rhodiis
2510 1788 2757 1861 demta

783 1911 972 1995 effer,
1035 1932 1292 1982 vacuos
1326 1932 1443 1981 eos
1478 1929 1637 1981 -tuta
1671 1908 1817 2004 ejus
1859 1906 2164 2005 regionis
2199 1905 2414 1981 maria
2456 1905 2754 2005 praesta-

783 2047 995 2102 turos,
1096 2027 1261 2113 Sed,
1312 2027 1657 2124 profedfio
1705 2028 2051 2101 Antiochi
2105 2032 2194 2101 ab
2240 2028 2598 2113 Sardibus,
2662 2054 2756 2101 ne

782 2146 1345 2244 obprimerentur
1364 2151 1572 2222 urbes
1595 2146 2011 2233 maritimae,
2047 2146 2414 2222 abscedere
2435 2146 2757 2221 custodia

782 2265 1023 2341 Ioniae
1075 2288 1287 2363 atque
1348 2266 1666 2341 Aeolidis
1725 2266 2112 2363 prohibuit.
2227 2266 2756 2364 Pamphilidam

783 2413 956 2461 curn
992 2406 1300 2482 quatuor
1334 2385 1632 2460 navibus
1667 2384 1867 2460 tectis
1897 2388 1988 2461 ad
2023 2412 2179 2460 eam
2208 2388 2514 2473 classem,
2569 2412 2756 2484 quae

784 2506 970 2581 circa
1017 2509 1262 2579 Patara
1294 2524 1461 2590 erat,
1508 2503 1870 2579 miserunt.
1993 2506 2396 2581 Antiochus
2458 2531 2602 2578 non
2657 2505 2758 2579 ci-

784 2625 1115 2700 vitatium
1151 2625 1397 2708 mod0‚
1448 2650 1628 2721 quae
1685 2624 1870 2699 circa
1921 2624 1986 2699 se
2022 2648 2241 2713 erant,
2302 2626 2760 2699 contrahebat

788 2743 1170 2843 praefidia3
1234 2741 1351 2816 sed
1401 2745 1485 2815 ad
1527 2746 1864 2831 Prusiam,
1903 2743 2271 2839 Bithyniae
2306 2770 2572 2843 regem,
2621 2744 2757 2817 mi-

788 2864 959 2938 serat
994 2866 1256 2960 legatos
1301 2860 1692 2959 literasque,
1729 2862 1994 2959 quibus
2027 2867 2386 2937 transitum
2414 2863 2490 2937 in
2521 2867 2758 2937 Afiam

790 2988 1295 3059 Romanorum
1350 2980 1789 3079 increpabat:
1855 2992 1905 3025 “
1945 2982 2204 3055 Venire
2239 2984 2481 3056 eos'ad
2515 2982 2762 3057 omnia

792 3113 843 3147 “
880 3128 1093 3201 regna
1126 3102 1460 3188 tollenda,
1514 3122 1598 3173 ut
1632 3103 1911 3175 nullum
1966 3100 2263 3199 usquam
2316 3102 2505 3177 orbis
2549 3124 2760 3176 terra-

793 3235 843 3268 “
881 3250 1069 3310 rum,
1094 3220 1215 3295 nifi
1238 3225 1684 3309 Romanum,
1716 3221 2092 3319 imperium
2117 3224 2302 3297 effet.
2339 3221 2762 3319 Philippum

795 3354 845 3388 “
885 3348 952 3417 ὅτ
988 3342 1232 3419 Nabin
1254 3362 1743 3439 expugnatos;
1781 3340 1845 3417 se
1873 3341 2158 3415 tertium
2186 3342 2356 3440 peti.
2427 3346 2540 3416 Ut
2572 3340 2762 3440 quis-

796 3474 846 3507 “
884 3488 1025 3560 que
1083 3460 1451 3559 proximus
1500 3463 1592 3533 ab
1651 3464 1970 3558 oppress‘o
2001 3466 2103 3549 fit,
2138 3488 2263 3561 per
2288 3488 2535 3537 omnes
2566 3464 2766 3537 velut

796 3593 847 3627 “
884 3581 1253 3655 continens
1274 3579 1690 3653 incendium
1720 3579 2190 3677 pervasurum.
2229 3587 2350 3656 Ab
2371 3582 2436 3656 se
2457 3583 2764 3680 gradum

799 3712 850 3746 “
887 3702 962 3774 in
998 3699 1401 3797 Bithyniam
1439 3699 1614 3788 fore,
1675 3703 1966 3797 quando
2011 3704 2366 3775 Eumenes
2399 3701 2475 3774 in
2511 3703 2764 3775 volun-

799 3832 849 3866 “
889 3819 1131 3894 tariam
1191 3817 1594 3894 servitutem
1653 3821 2139 3894 conceffiffet.”
2261 3820 2407 3893 His
2477 3842 2762 3895 motum

797 3942 1108 4015 Prufiam
1142 3936 1379 4013 literae
1412 3938 1762 4036 Scipionis
1793 3937 2120 4027 consulis,
2183 3938 2297 4013 sed
2335 3938 2559 4039 magis
2611 3941 2762 4035 ejus

799 4059 1023 4135 fratris
1058 4056 1405 4146 Africani,
1444 4062 1533 4133 ab
1568 4056 1958 4155 suspicione
1989 4058 2111 4131 tali
2139 4080 2570 4133 averterunt:
2601 4060 2756 4159 qui,
