3100 5359
871 707 944 783 L
1001 734 1029 782 1
1094 733 1135 783 B
1193 733 1238 783 Ε
1294 732 1342 783 a
1445 708 1876 785 XXXVIII.
2216 733 2357 812 2¹5

380 875 586 978 ginta
613 893 750 956 tres
778 880 1051 981 postero
1071 881 1192 957 die
1225 885 1735 982 comprehensi,
1784 907 1827 956 a
1858 879 2125 979 quibus
2156 907 2351 982 prae-

373 1020 489 1074 tor
516 999 670 1075 vim
705 1023 1046 1091 arcuerat,
1110 1029 1254 1077 non
1283 1001 1452 1101 quia
1489 1002 1710 1078 salvos
1742 1003 1978 1090 vellet,
2034 1001 2153 1076 sed
2185 1000 2358 1101 quia

363 1119 596 1216 perire
625 1124 858 1196 caussa
898 1121 1170 1197 indicta
1209 1125 1526 1224 nolebat,
1583 1121 1840 1218 objeeti
1894 1121 2350 1198 multitudini

364 1237 609 1329 iratae,
666 1266 898 1340 quum
947 1245 1187 1318 aversis
1245 1242 1537 1318 auribus
1570 1269 1799 1342 pauca
1838 1242 2060 1318 locuti
2096 1245 2336 1332 effent,

359 1360 686 1436 damnati
720 1388 998 1450 omnes,
1030 1361 1106 1436 δί
1139 1361 1377 1438 traditi
1413 1361 1573 1438 sunt
1606 1364 1699 1438 ad
1732 1361 2187 1463 supplicium.

474 1482 834 1556 XXXIV.
935 1485 1114 1558 Hoc
1159 1503 1357 1558 metu
1417 1481 1706 1579 injecto,
1761 1481 2351 1559 Lacedaemoniis

371 1599 811 1698 imperatum
839 1602 1184 1699 primum,
1211 1624 1296 1677 ut
1327 1627 1571 1678 muros
1604 1603 2006 1680 diruerent:
2061 1602 2354 1693 deinde,

369 1741 462 1795 ut
493 1747 742 1797 omnes
769 1721 1041 1796 externi
1075 1722 1470 1812 auxiliareS,
1500 1723 1628 1822 qui
1658 1724 1986 1800 mercede
2018 1725 2213 1822 apud
2242 1746 2349 1824 ty-

365 1866 636 1915 rannos
711 1841 1143 1931 militassent,
1212 1863 1392 1917 terra
1447 1842 1812 1918 Laconica
1873 1846 2344 1920 excederent:

365 1981 563 2050 turn,
627 1960 763 2049 uti,
848 1987 1030 2061 quae
1083 1961 1357 2038 servitia
1416 1963 1692 2063 tyranni
1752 1962 2169 2054 liberassent,
2236 1970 2351 2064 (ea

361 2107 632 2181 magna
658 2081 1054 2156 multitudo
1088 2084 1261 2178 erat)
1305 2104 1464 2158 ante
1495 2083 1692 2159 diem
1728 2104 1990 2159 certam
2024 2085 2347 2174 abirent:

363 2200 502 2300 qui
555 2200 660 2276 ibi
727 2205 1144 2292 mansissent,
1198 2230 1319 2280 eos
1364 2203 1883 2302 prehendendi,
1942 2204 2333 2294 vendendi,

363 2321 784 2397 abducendi
818 2322 1124 2400 Achaeis
1143 2323 1262 2419 jus
1297 2326 1485 2398 esset.
1587 2324 1910 2424 Lycurgi
1946 2326 2135 2425 leges
2187 2351 2343 2400 mo-

357 2441 616 2542 resque
679 2445 1117 2544 abrogarent.
1219 2445 1677 2520 Achaeorum
1730 2441 2213 2520 adsuescerent
2244 2447 2347 2520 le-

343 2561 1097 2664 gibusinstitutisque.
1199 2567 1306 2639 Ita
1365 2563 1581 2639 unius
1634 2589 1753 2639 eos
1802 2564 2115 2662 corporis
2171 2564 2349 2655 fore,

357 2682 444 2754 ὅτ.
489 2683 582 2756 de
631 2683 970 2759 omnibus
1004 2687 1214 2760 rebus
1247 2683 1522 2759 facilius
1560 2684 2035 2761 consensuro&
2136 2685 2348 2762 Nihil

361 2801 828 2879 obedientius
882 2802 1226 2889 fecerunt,
1280 2830 1499 2903 quam
1535 2824 1621 2880 ut
1664 2829 1905 2880 muros
1941 2807 2346 2884 diruerent:

359 2951 500 3000 nec
535 2922 818 3022 aegrius
851 2925 1014 3022 paffi
1051 2922 1237 3012 sunt,
1271 2947 1490 3020 quam
1522 2922 1794 2999 exsules
1827 2924 2099 3001 reduci.
2202 2930 2351 3004 De·

359 3064 646 3122 cretum
680 3045 967 3143 Tegeae
1019 3042 1094 3117 in
1144 3043 1454 3119 concilio
1485 3042 1859 3119 communi
1887 3047 2349 3124 Achaeorum

369 3166 462 3239 de
503 3161 953 3238 restituendis
986 3162 1071 3238 iis
1104 3162 1371 3238 factum
1408 3163 1528 3238 est.
1632 3167 1756 3253 Et,
1822 3164 2190 3240 mentione
2238 3164 2347 3240 in-

365 3287 534 3374 lata,
589 3303 916 3358 externos
949 3283 1318 3358 auxiliares
1352 3283 1696 3370 dimissos,
1759 3287 1826 3358 ὅτ
1862 3286 2350 3368 Lacedaemo·

365 3406 506 3482 niis
567 3401 954 3502 adscriptos
986 3402 1117 3501 (ita
1146 3402 1339 3478 enim
1374 3406 1753 3492 vocabant,
1799 3402 1929 3501 qui
1962 3431 2003 3480 a
2036 3403 2350 3503 tyrannis

367 3523 651 3609 liberati
711 3524 938 3618 erant)
991 3526 1167 3600 urbe
1215 3525 1585 3610 exceffiffe,
1641 3521 1715 3596 in
1749 3548 1953 3624 agros
1998 3523 2299 3624 dilapsos
2323 3561 2349 3617 3

363 3645 782 3746 priusquam
837 3641 1313 3718 dimitteretur
1371 3641 1750 3730 exercitus,
1809 3645 1907 3718 ire
1958 3666 2349 3742 praetorem

366 3793 542 3844 cum
607 3763 989 3864 expeditiS,
1042 3768 1111 3839 &
1169 3764 1773 3863 comprehendere
1832 3763 1911 3838 id
1948 3791 2173 3863 genus
2218 3767 2349 3839 ho-

363 3889 684 3974 minum,
745 3884 820 3958 ὅτ
865 3887 1173 3959 vendere
1196 3885 1360 3981 jure
1393 3885 1689 3984 praedae
1724 3882 2015 3983 placuit.
2117 3885 2349 3960 Multi

367 4007 862 4106 comprehensi
918 4003 1315 4079 venierunt.
1416 4003 1741 4078 Porticus
1775 4029 1866 4078 ex
1912 4030 1994 4078 ea
2042 4005 2351 4104 pecunia

369 4125 821 4228 Megalopoli
848 4123 1182 4226 permissu
1207 4126 1667 4200 Achaeorum
1698 4123 1953 4202 refedta
1972 4124 2097 4215 est,
2130 4150 2346 4224 quam

1236 4263 1394 4358 1³5
