3100 5359
928 713 1004 794 L
1056 745 1086 792 1
1145 743 1189 794 Β
1241 737 1286 794 n
1337 742 1386 792 R
1484 713 1849 794 XXXIX.
2237 745 2372 818 291

399 907 573 981 erat,
605 894 896 968 Lunam
921 891 1139 967 venit.
1239 890 1498 966 Paucis
1526 913 1688 967 ante
1709 891 1965 966 diebus
1992 889 2370 989 Calpurni-

397 1039 484 1088 us
538 1011 892 1112 profectus
957 1033 1156 1086 erat..
1225 1014 1325 1086 Et
1383 1012 1458 1085 in
1504 1012 1823 1088 citeriore
1870 1010 2221 1110 Hispania
2271 1015 2367 1088 L.

399 1132 726 1210 Manlius
781 1131 1166 1222 Acidinus,
1218 1133 1349 1232 qui
1383 1134 1641 1207 eodem
1688 1155 2031 1230 tempore,
2086 1158 2235 1230 quo
2280 1135 2366 1208 C.

397 1252 720 1340 Atinius,
771 1251 850 1326 in
882 1251 1324 1350 provinciam
1369 1252 1569 1340 ierat,
1606 1277 1777 1328 cum
1813 1251 2184 1327 Celtiberis
2218 1252 2368 1329 acie

397 1371 744 1448 conflixit.
787 1459 794 1468 .
843 1374 1118 1447 Incerta
1140 1372 1434 1448 victoria
1459 1371 1833 1446 disceffum
1860 1371 1985 1460 est,
2020 1371 2145 1445 nifi
2166 1375 2369 1471 quod

396 1493 736 1568 Celtiberi
767 1493 1006 1568 castra
1061 1492 1232 1568 inde
1291 1495 1500 1566 nocte
1550 1491 1881 1590 proxima
1944 1513 2363 1569 moverunt:

395 1614 748 1688 Romanis
795 1613 869 1685 δε
926 1611 1086 1686 suos
1131 1611 1541 1709 sepeliendi,
1579 1614 1655 1684 ὅτ
1704 1611 1923 1712 spolia
1949 1613 2241 1712 legendi
2274 1639 2366 1686 ex

393 1733 714 1808 hostibus
747 1734 1046 1832 potestas
1071 1732 1255 1807 facia
1281 1732 1402 1807 est.
1503 1735 1778 1808 Paucos
1812 1732 1968 1831 post
2002 1733 2181 1820 dier»,
2217 1760 2365 1808 ma-
2414 1757 2417 1760 ·

397 1853 552 1949 jore
585 1856 834 1930 coacto
867 1853 1210 1954 exercitu,
1267 1851 1605 1928 Celtiberi
1638 1854 1730 1928 ad
1763 1852 2205 1952 Calagurrim
2238 1880 2365 1952 op-

391 1971 652 2072 pidum
675 1973 862 2047 ultro
881 1975 1361 2047 laceffiverunt
1384 1973 1656 2071 proelio
1678 1975 2068 2047 Romanos·
2155 1973 2368 2048 Nihil

391 2093 719 2182 traditur,
745 2119 929 2192 quae
964 2095 1194 2167 cauffa
1225 2118 1527 2167 numero
1556 2095 1766 2168 aucto
1793 2091 2211 2166 infirmiores
2246 2117 2365 2166 eos

392 2213 661 2288 fecerit.
745 2213 1060 2311 Superati
1089 2210 1360 2311 proelio
1386 2210 1569 2287 sunt.
1632 2214 1755 2287 Ad
1785 2211 2178 2288 duodecim
2204 2210 2366 2287 mil-

388 2332 486 2408 lia
537 2333 918 2408 hominum
977 2331 1194 2420 caesa,
1269 2333 1431 2430 plus
1478 2333 1629 2408 duo
1682 2354 1931 2432 captat
1984 2334 2063 2406 δι’
2130 2331 2365 2406 castris

393 2457 771 2529 Romanus
835 2453 1126 2554 potitus·
1261 2455 1384 2542 Et,
1463 2453 1589 2527 nifi
1644 2452 1983 2528 succeffor
2048 2455 2363 2529 adventu

391 2573 519 2650 suo
551 2573 962 2650 inhibuiffet
1005 2573 1334 2673 inpetum
1380 2572 1691 2662 victoris,
1728 2572 1995 2648 suba&i
2024 2571 2362 2648 Celtiberi

387 2693 642 2770 forent.
743 2694 940 2770 Novi
973 2709 1323 2794 praetores
1351 2697 1567 2769 ambo
1596 2693 1943 2769 exercitus
1972 2693 2045 2767 in
2068 2693 2364 2769 hiberna

387 2815 869 2910 deduxerunt.

489 2935 734 3010 XXII.
835 2937 970 3010 Per
995 2961 1115 3008 eos
1149 2932 1328 3022 dies,
1367 2932 1635 3032 quibus
1688 2936 1861 3009 haec
1889 2960 1979 3007 ex
2015 2934 2365 3032 Hispania

389 3053 726 3160 nunciata
764 3052 949 3142 sunt,
983 3053 1143 3128 ludi
1176 3053 1430 3128 Taurii
1477 3080 1601 3152 per
1635 3051 1946 3128 biduum
1993 3051 2157 3129 facti
2202 3055 2361 3130 reli-

389 3174 624 3274 gionis
650 3175 900 3249 cauffa.
976 3176 1149 3272 [Per
1179 3173 1366 3271 dies]
1399 3176 1658 3249 decem
1694 3176 2057 3272 adparatos
2090 3173 2359 3248 deinde

387 3294 600 3368 ludos
622 3296 739 3368 M.
774 3292 1101 3382 Fulvius,
1129 3319 1316 3392 quos
1339 3315 1626 3368 voverat
1662 3294 1992 3368 Aetolico
2019 3295 2234 3383 bello,
2256 3293 2359 3369 fe-

386 3414 512 3490 cit.
612 3411 844 3487 Multi
896 3412 1194 3488 artifices
1239 3439 1332 3488 ex
1367 3413 1669 3488 Graecia
1692 3435 2038 3488 venerunt
2070 3413 2359 3490 honoris

383 3533 534 3631 ejus
585 3535 836 3609 cauffa.
937 3534 1389 3608 Athletarum
1442 3558 1739 3631 quoque
1791 3555 2143 3610 certamen
2193 3555 2357 3608 tum

383 3653 624 3753 primo
675 3652 1028 3730 Romanis
1075 3652 1472 3751 spectaculo
1519 3651 1685 3739 fuit,
1741 3657 1806 3727 &
1856 3652 2140 3727 venatio
2191 3654 2356 3728 data

379 3777 676 3851 leonum
723 3779 794 3848 &
841 3776 1384 3872 pantherarum3
1468 3777 1532 3846 &
1600 3797 1820 3870 prope
1870 3772 2085 3867 hujus
2136 3771 2353 3849 seculi

382 3893 594 3993 copia
623 3919 706 3969 ac
747 3894 1076 3969 varietate
1110 3891 1470 3968 ludicrum
1506 3893 1937 3966 celebratum
1970 3892 2091 3966 est.
2191 3894 2349 3966 No-

381 4013 734 4090 vemdiale
779 4012 1043 4088 deinde
1091 4013 1364 4100 sacrum
1399 4010 1656 4099 tenuit,
1699 4011 1901 4109 quod
1947 4009 2019 4084 in
2078 4010 2347 4086 Piceno

383 4158 511 4237 per
558 4133 881 4212 triduum
920 4131 1280 4234 lapidibus
1311 4133 1611 4231 pluerat,
1648 4130 1985 4233 ignesque
2018 4129 2345 4206 coelestes
