3100 5359
816 703 903 796 58
1494 698 2122 773 T.L1vr1

910 875 1081 946 XL.
1186 873 1304 946 Ad
1340 899 1423 947 ea
1452 873 1723 964 consul,
1777 885 1828 918 ‘⁶
1866 879 2126 973 Neque
2178 875 2243 950 se
2279 875 2586 974 Ligures
2615 899 2784 973 pro-

818 1003 868 1035 “
904 991 1215 1066 vinciam
1261 991 1580 1068 sortitum
1633 996 1840 1082 effe‚”
1888 1001 2012 1082 a'1't‚
2067 1005 2118 1039 ⁶⁶
2156 1019 2388 1093 neque
2440 1021 2610 1070 cum
2648 995 2782 1069 Li-

817 1123 867 1156 ‘⁶
904 1111 1201 1212 guribus
1254 1115 1525 1188 bellum
1567 1114 1854 1212 geffiss'e,
1905 1141 2140 1213 neque
2195 1114 2644 1213 triumphum
2683 1118 2781 1190 de

817 1243 867 1276 “
905 1232 990 1307 iis
1048 1232 1415 1331 postulare.
1515 1239 1631 1334 Q
1665 1233 2094 1309 Minucium
2147 1235 2503 1309 confidere
2551 1236 2779 1323 brevi,

818 1364 869 1396 ‘⁶
904 1352 1203 1429 subactis
1224 1351 1335 1439 iis,
1396 1351 1734 1427 meritum
1779 1353 2224 1452 triumphum
2264 1353 2782 1452 postulaturum

818 1483 869 1516 ‘⁶
906 1492 1119 1571 atque
1172 1472 1721 1570 impetraturum
1779 1475 1934 1547 effe.
2033 1477 2121 1548 Se
2172 1475 2262 1547 de
2319 1473 2542 1548 Gallis
2589 1475 2778 1570 Bojis

820 1603 871 1636 ‘⁶
905 1593 1251 1692 postulare
1307 1591 1781 1691 triumphum,
1835 1619 2016 1690 quos
2043 1592 2192 1668 acie
2225 1591 2498 1682 vicerit,
2549 1593 2784 1669 castris

820 1723 870 1756 ‘⁶
908 1711 1222 1786 exuerit:
1275 1738 1587 1809 quorum
1647 1733 1934 1810 gentem
1995 1711 2224 1787 biduo
2257 1713 2414 1810 post
2465 1739 2784 1813 pugnam

822 1842 872 1875 ‘⁶
908 1851 1130 1906 totam
1155 1831 1500 1930 acceperit
1533 1832 1608 1905 in
1643 1831 2120 1906 deditionem:
2156 1860 2198 1906 a
2217 1834 2482 1932 quibus
2513 1836 2785 1910 obfides

822 1962 872 1996 ‘⁶
906 1951 1312 2039 abduxerit,
1345 1949 1537 2050 pacis
1571 1950 1848 2026 futurae
1883 1952 2167 2052 pignuS.
2252 1955 2523 2028 Verum
2557 1955 2788 2030 enim-

823 2080 874 2114 “
908 2097 1073 2146 vero
1110 2071 1293 2146 illud
1325 2073 1558 2146 multo
1603 2073 1827 2168 majus
1859 2071 2019 2160 effe,
2072 2075 2274 2169 quod
2327 2095 2603 2150 tantum
2653 2101 2786 2151 nu-

822 2201 873 2234 “
910 2217 1189 2266 merum
1237 2192 1608 2266 Gallorum
1643 2191 1985 2267 occiderit
2018 2191 2094 2266 in
2125 2193 2302 2283 acie,
2362 2196 2573 2294 quod
2613 2223 2788 2270 cum

824 2323 873 2357 ‘⁶
910 2334 1016 2387 tot
1048 2311 1362 2386 millibus
1405 2331 1592 2386 certe
1629 2312 1966 2408 Bojorum
2001 2337 2214 2386 nemo
2251 2335 2410 2388 ante
2451 2314 2517 2390 se
2561 2315 2786 2415 impe.-

823 2443 875 2476 ‘⁶
910 2452 1093 2506 rator
1170 2431 1624 2530 pugnaverit:
1695 2433 1853 2530 plus
1923 2452 2187 2529 partem
2249 2433 2626 2509 dimidiam
2693 2459 2787 2510 ex

824 2562 874 2596 ‘⁶
911 2533 1433 2651 quinquaginta
1464 2550 1786 2626 millibus
1815 2551 2197 2626 hominum
2232 2551 2526 2640 caesam,
2561 2557 2788 2628 multa

822 2682 874 2715 ‘⁶
920 2670 1146 2745 millia
1187 2691 1423 2768 capta:
1477 2670 1670 2744 senes
1721 2671 2114 2770 puerosque
2180 2672 2364 2769 Bojis
2420 2672 2784 2770 supereffe.

824 2802 876 2836 ‘⁶
914 2791 1162 2889 Itaque
1202 2789 1281 2864 id
1342 2815 1784 2888 quemquam
1831 2791 2067 2866 mirari
2114 2795 2332 2890 poste,
2384 2818 2512 2866 cur
2561 2784 2790 2868 viftor

826 2922 876 2956 ⁶⁶
912 2911 1286 2998 exercituS,
1340 2936 1572 3009 quum
1615 2911 1886 2985 hostem
1924 2910 1998 2984 in
2024 2910 2388 3009 provincia
2427 2912 2792 2988 neminem

829 3043 879 3075 ‘⁶
916 3030 1323 3128 reliquiffet,
1399 3033 1716 3104 Romam
1794 3030 2062 3104 venerit
2122 3031 2214 3105 ad
2279 3034 2790 3108 celebrandum

827 3163 877 3196 ‘⁶
914 3150 1216 3226 consulis
1242 3149 1744 3249 triumphum?
1824 3156 2158 3251 Qorum
2193 3151 2506 3226 militum
2533 3156 2580 3225 fi
2613 3157 2684 3227 δι
2712 3153 2790 3228 in

828 3282 878 3316 ‘⁶
914 3271 1047 3346 alia
1079 3271 1444 3370 provincia
1468 3296 1682 3369 opera
1711 3269 1822 3344 uti
1847 3269 2120 3344 senatus
2171 3270 2342 3344 velit
2355 3304 2382 3359 ;
2432 3291 2595 3346 utro
2635 3289 2792 3348 tan-

830 3404 879 3436 ‘⁶
917 3394 1083 3467 dem
1116 3394 1337 3467 modo
1376 3390 1793 3490 promtiores
1844 3393 1936 3464 ad
1967 3390 2164 3465 aliud
2211 3391 2610 3490 periculum
2661 3419 2792 3467 no-

829 3523 881 3557 ‘⁶
916 3538 1235 3611 vumque
1292 3515 1605 3587 laborem
1640 3509 1858 3584 ituros
1890 3512 2150 3600 credat,
2201 3515 2249 3584 fi
2301 3511 2648 3610 persoluta
2703 3514 2793 3588 iis

828 3642 880 3677 ‘⁶
917 3634 1054 3706 fine
1076 3631 1575 3706 detrectatione
1601 3628 1848 3730 prioris
1872 3629 2168 3728 periculi
2187 3631 2582 3730 laborisque
2607 3659 2791 3710 mera

833 3761 881 3793 ⁶⁶
920 3777 1033 3826 ces
1091 3755 1193 3838 fit,
1244 3776 1333 3824 an
1386 3753 1431 3824 fi
1492 3748 1685 3847 spem
1739 3774 1867 3847 pro
1910 3775 1985 3823 re
2035 3749 2331 3826 ferentes
2397 3751 2787 3842 dimittant,

833 3881 883 3913 ‘⁶
908 3871 1058 3966 jam
1085 3870 1295 3946 semel
1324 3869 1398 3944 in
1424 3868 1652 3967 prima
1685 3868 1802 3965 spe
1822 3870 2209 3967 deceptos?
2313 3873 2535 3961 Nam,
2586 3875 2793 3972 quod

834 4001 885 4034 ‘⁶
920 3993 1013 4064 ad
1046 3990 1110 4064 se
1138 3991 1474 4077 adtineat,
1531 3987 1654 4064 fibi
1679 3987 1939 4087 gloriae
1973 3988 2049 4062 in
2087 4015 2378 4066 omnem
2404 3991 2624 4068 vitam
2666 3992 2792 4068 illo

832 4121 886 4157 ‘⁶
923 4109 1040 4184 die
1062 4109 1217 4184 satis
1248 4109 1644 4206 quaefitum
1673 4111 1832 4196 effe,
1887 4135 2034 4207 quo
2067 4108 2134 4184 se
2160 4110 2396 4186 virum
2429 4111 2792 4211 optimum
