3100 5359
880 717 955 788 L
1007 739 1037 788 1
1095 740 1135 788 n
1194 739 1237 788 ε
1294 739 1341 790 R
1440 715 1797 789 XXXVI.
2209 738 2300 813 25

344 890 478 989 pit,
552 895 621 964 δε
680 913 863 988 quae
921 887 1107 963 circa
1156 916 1309 963 eam
1364 889 1636 964 castella
1693 909 1905 964 erant.
2016 891 2300 964 Ducere

346 1031 499 1086 tum
552 1035 765 1108 porro
816 1007 890 1082 in
942 1012 1169 1083 finum
1215 1009 1614 1084 Maliacum
1660 1009 1917 1106 coepit.
2017 1009 2300 1107 Adpro-

344 1129 741 1229 pinquante
804 1126 1159 1216 faucibuS,
1230 1128 1431 1227 super
1496 1155 1670 1228 quas
1735 1129 1840 1203 fiti
1901 1127 2303 1202 Thaumaci

344 1251 534 1338 sunt,
588 1248 852 1324 deserta
900 1251 1099 1332 urbe,
1140 1249 1477 1343 juventus
1529 1248 1762 1322 omnis
1804 1269 2064 1322 armata
2111 1250 2302 1322 filvas

342 1370 416 1442 δι
448 1371 701 1444 itinera
734 1366 1011 1456 insedit,
1049 1373 1115 1442 δι
1145 1366 1219 1442 in
1247 1395 1503 1467 agmen
1539 1370 1954 1444 Romanum
1981 1394 2070 1442 ex
2101 1366 2301 1466 supe-

342 1490 653 1565 rioribus
696 1488 869 1564 locis
921 1486 1317 1562 incursavit.
1416 1487 1682 1562 Consul
1723 1487 1956 1587 primo
1997 1487 2298 1576 mittere,

344 1610 474 1710 qui
526 1636 617 1682 ex
663 1606 1068 1707 propinquo
1115 1610 1624 1705 conloquentes
1657 1610 2078 1682 deterrerent
2109 1635 2227 1682 eos
2261 1635 2304 1682 a

343 1730 463 1805 tali
496 1729 774 1803 furore:
826 1728 1199 1826 postquam
1226 1727 1648 1825 perseverare
1685 1727 1758 1800 in
1784 1727 2066 1826 incepto
2089 1728 2300 1816 vidit,

344 1851 639 1926 tribuno
674 1875 842 1922 cum
879 1849 1187 1921 duorum
1224 1851 1576 1946 lignorum
1613 1846 1960 1923 militibus
1999 1847 2300 1926 circum-

343 1970 576 2057 miffo,
631 1969 1009 2042 interclufit
1040 1969 1132 2040 ad
1174 1969 1427 2041 urbem
1461 1965 1593 2040 iter
1621 1967 1923 2055 armatis,
1973 1994 2300 2044 vacuam-

344 2117 489 2190 que
538 2115 695 2163 eam
745 2086 954 2184 cepit.
1056 2089 1283 2173 Tum,
1336 2088 1638 2161 clamore
1683 2092 1774 2162 ab
1820 2109 2019 2186 tergo
2062 2109 2302 2186 captae

344 2211 543 2286 urbis
573 2208 850 2294 audito,
901 2205 1407 2304 refugientium
1450 2206 1779 2304 undique
1814 2232 1904 2280 ex
1937 2205 2115 2280 filvis
2149 2205 2304 2280 infi-

342 2331 703 2406 diatorum
750 2329 995 2403 caedes
1041 2324 1219 2400 facta
1260 2326 1381 2400 est.
1492 2331 1564 2400 A
1613 2323 2046 2399 Thaumacis
2089 2326 2304 2399 altero

346 2451 463 2525 die
505 2447 750 2524 consul
795 2447 887 2520 ad
932 2443 1352 2544 Sperchium
1396 2471 1681 2519 amnem
1722 2444 2080 2543 pervenit:
2135 2445 2302 2522 inde

345 2573 887 2669 Hypataeorum
922 2592 1123 2665 agros
1155 2565 1464 2640 vastavit.

438 2692 609 2763 XV.
678 2692 933 2786 Qum
960 2689 1133 2760 haec
1166 2689 1576 2786 agebantur,
1611 2687 1954 2763 Chalcide
1987 2710 2128 2764 erat
2147 2694 2302 2764 An-

344 2809 670 2884 tiochus:
724 2804 879 2904 qui,
913 2807 1064 2902 jam
1096 2827 1253 2880 tum
1281 2831 1595 2894 cernens,
1649 2806 1827 2882 nihil
1861 2807 1926 2882 se
1960 2833 2050 2882 ex
2085 2813 2303 2884 Grae-

344 2930 477 3016 cia,
532 2947 800 3027 praet-:tr
838 2953 1134 3000 amoena
1171 2926 1509 3001 Chalcide
1551 2928 1846 3004 hiberna
1889 2932 1955 3002 &
2007 2927 2302 3004 infames

344 3050 653 3147 nuptiaS,
705 3041 975 3145 pstifl‘e,
1029 3049 1451 3121 Aetolorum
1496 3073 1676 3121 vana
1724 3046 2052 3146 promiffa
2101 3047 2302 3122 incu-

342 3168 481 3243 sare
512 3171 583 3241 ὅτ
612 3169 1053 3241 Thoantem:
1108 3166 1592 3242 Hannibalem
1625 3193 1818 3254 ver0,
1855 3193 1999 3242 non
2033 3188 2114 3240 ut
2138 3193 2303 3265 pru-

340 3291 632 3362 dentem
666 3307 943 3360 tantum
973 3284 1235 3372 virum,
1286 3284 1404 3359 sed
1438 3311 1654 3383 prope
1681 3307 1912 3360 vatem
1947 3285 2302 3374 omnium,

343 3433 527 3508 quae
562 3425 723 3481 tum
753 3404 1137 3492 evenirent,
1165 3403 1535 3480 admirari.
1635 3407 1752 3479 Ne
1778 3425 2012 3482 tamen
2044 3426 2302 3482 temere

343 3550 619 3627 coepta,
670 3525 963 3626 segnitia
996 3523 1275 3622 insuper
1300 3545 1660 3612 everteret,
1713 3525 2012 3602 nuncios
2047 3523 2121 3602 in
2158 3529 2304 3600 Ae-

343 3650 585 3724 toliam
622 3645 865 3734 mittit,
915 3666 1024 3731 ut,
1074 3643 1273 3720 omni
1311 3647 1664 3717 contracta
1681 3644 2082 3738 juventute,
2133 3670 2304 3726 con-

342 3769 685 3843 venirent.
784 3768 948 3861 Jam
978 3768 1044 3838 ὅτ
1081 3762 1222 3862 ipse
1256 3790 1341 3837 eo
1376 3765 1626 3840 decem
1663 3762 1884 3837 millia
1928 3763 2070 3839 fere
2103 3765 2303 3862 pedi-

345 3909 500 3962 tum
542 3885 779 3974 exiis,
830 3884 961 3984 qui
1006 3882 1239 3982 postea
1268 3903 1603 3989 venerant
1635 3908 1726 3956 ex
1759 3887 1946 3970 Afia,
1998 3886 2301 3980 expleta,

346 4011 412 4082 δι
447 4004 725 4104 equites
760 4003 1193 4103 quingentos
1228 4000 1461 4074 duxit.
1527 4007 1700 4101 Qo
1731 4027 1962 4100 quum
1989 4004 2306 4100 aliquan-

345 4147 419 4200 to
440 4124 839 4224 pauciora,
890 4149 1109 4223 quam
1143 4147 1491 4220 umquam
1518 4143 1746 4211 antea,
1799 4123 2302 4212 convenifl'ent,
