3100 5359
836 709 1063 804 96-.
1494 674 2148 784 T.·L1v‘11

838 892 890 941 θ’
926 879 1148 967 enim,
1201 906 1373 979 pace
1417 908 1545 979 per
1589 904 1660 958 te
1711 883 1917 973 faeta,
1968 882 2412 960 rediturusne
2442 887 2804 984 extemplo

838 1014 889 1047 “
928 1002 1003 1076 in
1030 1000 1300 1079 Italiam
1327 1004 1431 1090 fis,
1456 1004 1735 1078 claffem
1755 1004 2291 1101 exercitumque
2319 1006 2804 1081 deducturus?

840 1132 891 1165 “
929 1148 1019 1196 an
1052 1120 1600 1218 exspectaturus,
1662 1123 1841 1220 quid
1869 1125 1960 1197 de
1993 1150 2075 1198 ea
2105 1149 2176 1197 re
2206 1124 2478 1199 consuli
2511 1127 2803 1223 placeat,

837 1252 889 1287 “
925 1241 1108 1339 quid
1142 1240 1411 1315 senatus
1444 1242 1740 1330 censeat,
1777 1264 1900 1317 aut
1931 1246 2238 1341 populus
2252 1245 2548 1340 jubeat?
2653 1246 2802 1319 Re-

837 1371 887 1419 -“
924 1360 1053 1435 stat
1084 1386 1283 1459 erge,
1334 1382 1417 1434 ut
1452 1387 1728 1436 maneas
1758 1361 1834 1435 in
1861 1363 2052 1451 Asta,
2107 1368 2176 1436 &
2207 1362 2438 1437 rursus
2465 1363 2540 1437 in
2569 1364 2803 1439 hiber-

837 1478 887 1525 ‘'‘
922 1506 1015 1554 na
1066 1479 1308 1578 copiae
1364 1482 1720 1567 reductae,
1791 1481 2041 1556 omiffo
2101 1485 2314 1571 bello,
2385 1483 2804 1559 exhauriant

836 1610 886 1644 ‘⁶
924 1599 1436 1675 commeatibus
1484 1603 1902 1700 praebendis
1953 1602 2214 1678 socios:
2269 1604 2531 1679 deinde
2581 1610 2662 1703 (fi
2704 1605 2803 1681 ita

835 1730 887 1765 “
923 1720 1151 1795 visum
1191 1720 1268 1793 sit
1302 1718 1413 1808 iis,
1465 1748 1677 1820 penes
1712 1748 1892 1819 quos
1927 1724 2222 1821 potestas
2257 1723 2500 1817 fuerit)
2539 1723 2800 1799 instau-

834 1850 887 1885 “
924 1866 1157 1917 remus
1184 1866 1467 1916 novum
1514 1843 1605 1916 de
1655 1841 1930 1941 integro
1959 1845 2272 1918 bellum:
2324 1844 2526 1941 quod
2561 1842 2800 1940 poffu-

836 1969 887 2004 “
924 1986 1110 2047 mus,
1161 1963 1208 2032 fi
1262 1986 1351 2035 ex
1404 1963 1539 2036 hoc
1595 1960 1842 2059 inpetu
1889 1989 2122 2037 rerum
2170 1962 2350 2036 nihil
2382 1963 2800 2060 prolatando

836 2089 887 2123 ‘⁶
922 2078 1327 2168 remittitur,
1379 2102 1538 2155 ante
1573 2080 1912 2168 hiemem,
1967 2079 2128 2155 Diis
2159 2081 2589 2169 volentibuS‚
2641 2074 2800 2179 per·

835 2209 885 2242 “
921 2196 1221 2273 fecisse.’'
1318 2202 1527 2275 Haec
1585 2198 1922 2275 sententia
1977 2199 2178 2287 vicit,
2249 2198 2799 2299 responsumque

834 2318 1201 2395 Antiocho
1234 2320 1359 2408 est,
1410 2339 1570 2393 ante
1603 2317 1907 2394 consulis
1940 2320 2329 2394 adventum
2356 2323 2445 2394 de
2478 2346 2654 2417 pace
2681 2320 2802 2421 agi

831 2466 979 2515 non
1006 2443 1216 2538 poffe.
1317 2438 1747 2525 Antiochus,
1773 2446 1955 2535 'pace
1989 2438 2479 2538 nequidquam
2509 2461 2799 2531 tentata,

832 2558 1147 2636 evastatis
1182 2559 1620 2633 Elaeenfium
1641 2555 1982 2655 primurn,
2029 2556 2290 2632 deinde
2326 2562 2800 2659 Pergameno-

830 2707 993 2755 rum
1022 2677 1229 2778 agris,
1282 2674 1525 2751 relicto
1559 2676 1661 2753 ibi
1691 2678 1986 2751 Seleuco
2013 2676 2191 2765 filio,
2243 2682 2801 2778 Adramytteum

830 2797 1171 2874 hostiliter
1221 2794 1467 2870 itinere
1522 2795 1732 2883 fact0,
1798 2794 1977 2894 petit
2031 2823 2284 2896 agrum
2342 2802 2800 2899 opulentum,

832 2943 1051 3017 quem
1084 2924 1341 2991 vocant
1372 2918 1660 2991 Thebes
1705 2941 2070 3014 campum,
2123 2918 2433 2993 carmine
2484 2921 2799 2997 Homeri

829 3035 1308 3113 nobilitatum.
1406 3038 1670 3133 Neque
1713 3034 1854 3109 alio
1905 3037 2056 3112 ullo
2105 3038 2269 3112 loco
2323 3042 2526 3115 Afiae
2573 3041 2800 3137 major

828 3156 1037 3257 regiis
1088 3152 1435 3231 militibus
1484 3176 1680 3252 parta
1721 3155 1822 3229 est
1866 3158 2145 3253 praeda.
2247 3160 2528 3235 Eodem
2564 3162 2801 3236 Adra-

828 3296 1208 3375 mytteum,
1270 3296 1353 3349 ut
1400 3274 1561 3348 urbi
1613 3276 1952 3373 praesidio
2009 3280 2248 3365 efl'ent,
2314 3282 2612 3354 navibus
2661 3280 2801 3356 cir-

820 3396 1212 3483 cumvecti,
1266 3394 1620 3470 Aemilius
1650 3394 1722 3467 δι
1762 3397 2120 3471 Eumenes
2152 3421 2519 3474 venerunt.

925 3518 1099 3591 XX.
1201 3516 1335 3589 Per
1366 3512 1648 3588 eosdem
1683 3512 1858 3589 forte
1893 3514 2044 3590 dies
2081 3518 2368 3593 Elaeam
2402 3545 2493 3594 ex
2523 3522 2800 3619 Achaja

828 3635 1025 3711 mille
1074 3633 1345 3733 pedites
1398 3660 1567 3708 curn
1621 3654 1912 3709 centum
1964 3635 2354 3734 equitibus,
2409 3638 2796 3737 Diophane

828 3754 1162 3829 omnibus
1189 3753 1295 3828 his
1326 3753 1550 3851 copiis
1580 3757 1985 3852 praeposito,
2037 3758 2484 3832 accefferunt.
2583 3763 2797 3859 Qios

826 3874 1120 3975 egreffos
1155 3872 1453 3950 navibus
1478 3872 1767 3948 obviam
1790 3872 1967 3947 miffi
1991 3877 2082 3947 ab
2108 3878 2353 3950 Attalo
2383 3880 2590 3952 noc‘te
2625 3879 2794 3955 Per-

828 4022 1121 4096 gamum
1176 3995 1651 4069 deduxerunt.
1774 3994 2100 4069 Veterani
2157 4021 2404 4071 omnes
2459 4001 2525 4072 ὅτ
2581 4000 2794 4096 periti

827 4114 995 4193 belli
1048 4136 1268 4203 erant,
1331 4118 1399 4190 δε
1454 4112 1598 4215 ipse
1649 4115 1806 4190 dux
1859 4114 2457 4214 Philopoemenis,
2495 4116 2793 4198 'summi
