3100 5359
814 895 907 968 T.
960 891 1261 968 LIVII
1321 894 1906 969 PATAVINI

494 1129 2172 1251 HISTORIARUM

643 1420 817 1500 AB
894 1421 1281 1502 URBE
1359 1421 2047 1504 CONDITA

973 1707 1654 1806 LIBRI.

780 2163 1256 2266 EPITOME
1317 2167 1605 2227 LIBRI
1671 2170 1984 2231 xxxvn.

374 2341 539 2501 L·
591 2421 1051 2507 CORNELIUS
1098 2422 1335 2532 Scipio
1399 2424 1662 2530 consul,
1729 2424 1964 2532 legato
2015 2425 2112 2505 P.
2163 2422 2332 2502 Sci-

356 2559 564 2668 pione
596 2563 968 2671 Africano
1004 2564 1292 2676 (quise
1326 2565 1645 2673 legatum
1651 2565 1952 2673 fratris
1956 2567 2334 2672 futurum

369 2691 685 2792 dixerat,
710 2699 801 2802 st
850 2695 921 2777 ei
970 2699 1289 2778 Graecia
1340 2697 1737 2806 provincia
1797 2696 2326 2795 decerneretur,

366 2857 585 2937 quum
622 2833 719 2912 G.
764 2830 1039 2925 Laelio,
1099 2829 1233 2939 qui
1259 2831 1564 2910 multum
1599 2830 1678 2910 in
1703 2834 1982 2941 stuata
2003 2849 2327 2940 poterat,

365 2991 443 3041 ea
462 2961 865 3070 provincia
888 2960 1063 3044 dari
1086 2961 1517 3072 videretur)
1544 2965 1920 3070 profectus
1945 2961 2051 3043 ad
2076 2964 2332 3045 bellum

364 3093 709 3205 adversus
745 3093 1195 3178 Antiochum
1242 3093 1665 3203 gerendum,
1724 3095 1800 3174 in
1855 3097 2112 3201 Asiam
2148 3096 2328 3205 pri-

363 3255 516 3308 mus
550 3225 861 3308 omnium
898 3230 1383 3308 Romanorum
1420 3225 1677 3307 ducum
1724 3226 2050 3334 trajecit.
2163 3232 2327 3311 Ae-

363 3359 601 3440 mih‘us
636 3361 967 3467 Regillus
991 3358 1339 3469 adversus
1373 3360 1652 3468 regiam
1682 3359 1953 3470 claſjem
1975 3359 2338 3443 Antiochi

336 3491 675 3602 feliciter
688 3492 1070 3602 pugnavit
1106 3491 1213 3572 ad
1238 3495 1733 3603 Adyonneficm,
1773 3492 2075 3575 Rhodiis
2108 3491 2327 3600 adiu-

360 3629 739 3710 vantibus.
854 3623 1100 3706 Filius
1154 3625 1541 3732 Africani,
1601 3626 1696 3706 ab
1733 3624 2097 3706 Antiocho
2146 3643 2327 3735 cap-

360 3780 509 3857 tus,
561 3758 788 3870 patri
842 3755 1165 3866 remfffics
1219 3757 1337 3865 est.
1477 3754 1642 3839 Μ’.
1684 3756 1974 3838 Acilius
2029 3756 2331 3842 Glabrio

360 3895 441 3975 de
465 3889 860 3986 AntiochO,
902 3919 1103 4000 quem
1144 3890 1463 3970 Graecia
1498 3890 1899 4001 expulerat,
1941 3891 2030 3971 ἔθ’
2066 3889 2150 3971 de
2175 3894 2328 3973 Ae-

358 4025 519 4108 tolis
574 4023 1103 4132 triumphavit,
1178 4021 1381 4102 Victo
1434 4019 1680 4101 deinde
1733 4019 2098 4102 Antiocho
2131 4053 2180 4104 a
2217 4027 2325 4107 L.

364 4158 693 4241 Cornelio
731 4153 1083 4266 Scipione,
1140 4153 1542 4262 adjuvante
1579 4157 1900 4235 Eumene
1924 4183 2092 4262 rege
2125 4158 2324 4236 Per-
