<?xml version="1.0" encoding="UTF-8"?>
<!DOCTYPE html PUBLIC "-//W3C//DTD XHTML 1.0 Transitional//EN"
    "http://www.w3.org/TR/xhtml1/DTD/xhtml1-transitional.dtd">
<html xmlns="http://www.w3.org/1999/xhtml" xml:lang="en" lang="en">
 <head>
  <title>
</title>
<meta http-equiv="Content-Type" content="text/html;charset=utf-8" />
  <meta name='ocr-system' content='tesseract 3.04.00' />
  <meta name='ocr-capabilities' content='ocr_page ocr_carea ocr_par ocr_line ocrx_word'/>
</head>
<body>
  <div class='ocr_page' id='page_1' title='image "./tliviipatavinih01homegoog_0156.png"; bbox 0 0 3100 5359; ppageno 0'>
   <div class='ocr_carea' id='block_1_1' title="bbox 743 735 2048 828">
    <p class='ocr_par' dir='ltr' id='par_1_1' title="bbox 743 735 2048 828">
     <span class='ocr_line' id='line_1_1' title="bbox 743 735 2048 828; baseline -0.001 -20"><span class='ocrx_word' id='word_1_1' title='bbox 743 738 873 828; x_wconf 86' lang='lat'>148</span> <span class='ocrx_word' id='word_1_2' title='bbox 1422 735 2048 809; x_wconf 80' lang='lat' dir='ltr'>T.L1vtr</span> 
     </span>
    </p>
   </div>
   <div class='ocr_carea' id='block_1_2' title="bbox 728 903 2698 4229">
    <p class='ocr_par' dir='ltr' id='par_1_2' title="bbox 728 903 2698 4229">
     <span class='ocr_line' id='line_1_2' title="bbox 734 903 2692 1004; baseline -0.001 -23"><span class='ocrx_word' id='word_1_3' title='bbox 734 905 1062 981; x_wconf 65' lang='lat' dir='ltr'>facturos.</span> <span class='ocrx_word' id='word_1_4' title='bbox 1167 905 1574 1004; x_wconf 83' lang='lat' dir='ltr'>Interposita</span> <span class='ocrx_word' id='word_1_5' title='bbox 1603 910 2141 1004; x_wconf 85' lang='lat' dir='ltr'>Smyrnaeorum</span> <span class='ocrx_word' id='word_1_6' title='bbox 2169 904 2398 980; x_wconf 85' lang='lat' dir='ltr'>brevis</span> <span class='ocrx_word' id='word_1_7' title='bbox 2428 903 2692 1003; x_wconf 86' lang='lat' dir='ltr'>legatio</span> 
     </span>
     <span class='ocr_line' id='line_1_3' title="bbox 737 1024 2688 1124; baseline -0.002 -24"><span class='ocrx_word' id='word_1_8' title='bbox 737 1026 861 1113; x_wconf 91' lang='lat' dir='ltr'>est,</span> <span class='ocrx_word' id='word_1_9' title='bbox 898 1026 1068 1124; x_wconf 90' lang='lat' dir='ltr'>quia</span> <span class='ocrx_word' id='word_1_10' title='bbox 1100 1052 1244 1099; x_wconf 90' lang='lat' dir='ltr'>non</span> <span class='ocrx_word' id='word_1_11' title='bbox 1270 1026 1557 1099; x_wconf 88' lang='lat' dir='ltr'>aderant</span> <span class='ocrx_word' id='word_1_12' title='bbox 1585 1025 1878 1123; x_wconf 88' lang='lat' dir='ltr'>quidam</span> <span class='ocrx_word' id='word_1_13' title='bbox 1913 1024 2395 1098; x_wconf 89' lang='lat' dir='ltr'>Rhodiorum.</span> <span class='ocrx_word' id='word_1_14' title='bbox 2493 1026 2688 1097; x_wconf 86' lang='lat' dir='ltr'>Con·</span> 
     </span>
     <span class='ocr_line' id='line_1_4' title="bbox 732 1142 2693 1244; baseline 0.001 -27"><span class='ocrx_word' id='word_1_15' title='bbox 732 1145 1031 1219; x_wconf 89' lang='lat' dir='ltr'>laudatis</span> <span class='ocrx_word' id='word_1_16' title='bbox 1075 1143 1352 1244; x_wconf 83' lang='lat' dir='ltr'>egregie</span> <span class='ocrx_word' id='word_1_17' title='bbox 1405 1144 1826 1242; x_wconf 61' lang='lat' dir='ltr'>Smyrnaeis»,</span> <span class='ocrx_word' id='word_1_18' title='bbox 1895 1145 2095 1241; x_wconf 91' lang='lat' dir='ltr'>quod</span> <span class='ocrx_word' id='word_1_19' title='bbox 2141 1142 2384 1218; x_wconf 87' lang='lat' dir='ltr'>omnia</span> <span class='ocrx_word' id='word_1_20' title='bbox 2431 1142 2693 1218; x_wconf 79' lang='lat' dir='ltr'>ultima</span> 
     </span>
     <span class='ocr_line' id='line_1_5' title="bbox 736 1262 2694 1363; baseline -0.002 -25"><span class='ocrx_word' id='word_1_21' title='bbox 736 1264 909 1363; x_wconf 89' lang='lat' dir='ltr'>pati,</span> <span class='ocrx_word' id='word_1_22' title='bbox 945 1290 1163 1363; x_wconf 90' lang='lat' dir='ltr'>quam</span> <span class='ocrx_word' id='word_1_23' title='bbox 1197 1262 1263 1338; x_wconf 88' lang='lat' dir='ltr'>se</span> <span class='ocrx_word' id='word_1_24' title='bbox 1298 1264 1443 1362; x_wconf 86' lang='lat' dir='ltr'>regi</span> <span class='ocrx_word' id='word_1_25' title='bbox 1482 1264 1772 1350; x_wconf 85' lang='lat' dir='ltr'>tradere,</span> <span class='ocrx_word' id='word_1_26' title='bbox 1829 1262 2246 1351; x_wconf 85' lang='lat' dir='ltr'>maluiffent‚</span> <span class='ocrx_word' id='word_1_27' title='bbox 2301 1262 2694 1338; x_wconf 67' lang='lat' dir='ltr'>introdu&amp;i</span> 
     </span>
     <span class='ocr_line' id='line_1_6' title="bbox 736 1380 2692 1485; baseline 0 -28"><span class='ocrx_word' id='word_1_28' title='bbox 736 1384 1009 1457; x_wconf 89' lang='lat' dir='ltr'>Rhodii</span> <span class='ocrx_word' id='word_1_29' title='bbox 1046 1381 1225 1458; x_wconf 89' lang='lat' dir='ltr'>sunt.</span> <span class='ocrx_word' id='word_1_30' title='bbox 1326 1388 1660 1485; x_wconf 83' lang='lat' dir='ltr'>Qorum</span> <span class='ocrx_word' id='word_1_31' title='bbox 1686 1382 2012 1481; x_wconf 88' lang='lat' dir='ltr'>princeps</span> <span class='ocrx_word' id='word_1_32' title='bbox 2045 1380 2438 1481; x_wconf 86' lang='lat' dir='ltr'>legationis,</span> <span class='ocrx_word' id='word_1_33' title='bbox 2469 1408 2692 1481; x_wconf 86' lang='lat' dir='ltr'>expo-</span> 
     </span>
     <span class='ocr_line' id='line_1_7' title="bbox 736 1500 2694 1599; baseline 0.001 -23"><span class='ocrx_word' id='word_1_34' title='bbox 736 1502 871 1576; x_wconf 88' lang='lat' dir='ltr'>fitis</span> <span class='ocrx_word' id='word_1_35' title='bbox 916 1501 1133 1577; x_wconf 87' lang='lat' dir='ltr'>initiis</span> <span class='ocrx_word' id='word_1_36' title='bbox 1177 1500 1525 1575; x_wconf 84' lang='lat' dir='ltr'>amicitiae</span> <span class='ocrx_word' id='word_1_37' title='bbox 1562 1528 1728 1576; x_wconf 90' lang='lat' dir='ltr'>cum</span> <span class='ocrx_word' id='word_1_38' title='bbox 1783 1503 2051 1599; x_wconf 91' lang='lat' dir='ltr'>populo</span> <span class='ocrx_word' id='word_1_39' title='bbox 2084 1502 2445 1590; x_wconf 89' lang='lat' dir='ltr'>Romano,</span> <span class='ocrx_word' id='word_1_40' title='bbox 2481 1501 2694 1577; x_wconf 89' lang='lat' dir='ltr'>meri·</span> 
     </span>
     <span class='ocr_line' id='line_1_8' title="bbox 734 1619 2695 1720; baseline -0.001 -25"><span class='ocrx_word' id='word_1_41' title='bbox 734 1620 962 1720; x_wconf 89' lang='lat' dir='ltr'>tisque</span> <span class='ocrx_word' id='word_1_42' title='bbox 983 1620 1443 1696; x_wconf 89' lang='lat' dir='ltr'>Rhodiorum</span> <span class='ocrx_word' id='word_1_43' title='bbox 1467 1619 1780 1718; x_wconf 90' lang='lat' dir='ltr'>Philippi</span> <span class='ocrx_word' id='word_1_44' title='bbox 1811 1620 2026 1717; x_wconf 88' lang='lat' dir='ltr'>prius,</span> <span class='ocrx_word' id='word_1_45' title='bbox 2059 1620 2318 1695; x_wconf 89' lang='lat' dir='ltr'>deinde</span> <span class='ocrx_word' id='word_1_46' title='bbox 2341 1619 2695 1696; x_wconf 88' lang='lat' dir='ltr'>Antiochi</span> 
     </span>
     <span class='ocr_line' id='line_1_9' title="bbox 735 1738 2694 1836; baseline 0.001 -21"><span class='ocrx_word' id='word_1_47' title='bbox 735 1741 953 1815; x_wconf 83' lang='lat' dir='ltr'>bello:</span> <span class='ocrx_word' id='word_1_48' title='bbox 1010 1751 1059 1784; x_wconf 93' lang='lat'><strong>“</strong></span> <span class='ocrx_word' id='word_1_49' title='bbox 1098 1738 1376 1825; x_wconf 86' lang='lat' dir='ltr'>Nihil,&#39;&#39;</span> <span class='ocrx_word' id='word_1_50' title='bbox 1419 1738 1682 1836; x_wconf 88' lang='lat' dir='ltr'>inquit,</span> <span class='ocrx_word' id='word_1_51' title='bbox 1746 1750 1796 1784; x_wconf 90' lang='lat'><strong>“</strong></span> <span class='ocrx_word' id='word_1_52' title='bbox 1833 1739 2036 1816; x_wconf 89' lang='lat' dir='ltr'>nobis</span> <span class='ocrx_word' id='word_1_53' title='bbox 2095 1762 2241 1815; x_wconf 86' lang='lat' dir='ltr'>tota</span> <span class='ocrx_word' id='word_1_54' title='bbox 2285 1740 2516 1815; x_wconf 85' lang='lat' dir='ltr'>nostra</span> <span class='ocrx_word' id='word_1_55' title='bbox 2577 1767 2694 1815; x_wconf 87' lang='lat' dir='ltr'>ac·</span> 
     </span>
     <span class='ocr_line' id='line_1_10' title="bbox 736 1854 2694 1961; baseline 0.002 -29"><span class='ocrx_word' id='word_1_56' title='bbox 736 1870 789 1902; x_wconf 89' lang='lat'><strong>“</strong></span> <span class='ocrx_word' id='word_1_57' title='bbox 824 1859 1043 1947; x_wconf 91' lang='lat' dir='ltr'>tione,</span> <span class='ocrx_word' id='word_1_58' title='bbox 1081 1863 1312 1933; x_wconf 89' lang='lat' dir='ltr'>Patres</span> <span class='ocrx_word' id='word_1_59' title='bbox 1347 1854 1752 1957; x_wconf 79' lang='lat' dir='ltr'>conscripti,</span> <span class='ocrx_word' id='word_1_60' title='bbox 1773 1884 2004 1957; x_wconf 89' lang='lat' dir='ltr'>neque</span> <span class='ocrx_word' id='word_1_61' title='bbox 2035 1858 2419 1950; x_wconf 89' lang='lat' dir='ltr'>difficilius,</span> <span class='ocrx_word' id='word_1_62' title='bbox 2455 1887 2694 1961; x_wconf 88' lang='lat' dir='ltr'>neque</span> 
     </span>
     <span class='ocr_line' id='line_1_11' title="bbox 738 1977 2698 2075; baseline 0.001 -23"><span class='ocrx_word' id='word_1_63' title='bbox 738 1990 789 2023; x_wconf 90' lang='lat'><strong>“</strong></span> <span class='ocrx_word' id='word_1_64' title='bbox 825 1977 1182 2053; x_wconf 88' lang='lat' dir='ltr'>molestius</span> <span class='ocrx_word' id='word_1_65' title='bbox 1216 1978 1338 2064; x_wconf 90' lang='lat' dir='ltr'>est,</span> <span class='ocrx_word' id='word_1_66' title='bbox 1388 2002 1606 2073; x_wconf 89' lang='lat' dir='ltr'>quarn</span> <span class='ocrx_word' id='word_1_67' title='bbox 1656 1980 1858 2075; x_wconf 91' lang='lat' dir='ltr'>quod</span> <span class='ocrx_word' id='word_1_68' title='bbox 1903 2004 2072 2051; x_wconf 89' lang='lat' dir='ltr'>cum</span> <span class='ocrx_word' id='word_1_69' title='bbox 2121 1982 2444 2054; x_wconf 86' lang='lat' dir='ltr'>Eumene</span> <span class='ocrx_word' id='word_1_70' title='bbox 2485 1980 2698 2054; x_wconf 89' lang='lat' dir='ltr'>nobis</span> 
     </span>
     <span class='ocr_line' id='line_1_12' title="bbox 736 2096 2696 2197; baseline 0.001 -26"><span class='ocrx_word' id='word_1_71' title='bbox 736 2108 787 2141; x_wconf 79' lang='lat'>‘⁶</span> <span class='ocrx_word' id='word_1_72' title='bbox 826 2096 1235 2196; x_wconf 88' lang='lat' dir='ltr'>disceptatio</span> <span class='ocrx_word' id='word_1_73' title='bbox 1262 2097 1392 2169; x_wconf 88' lang='lat' dir='ltr'>est:</span> <span class='ocrx_word' id='word_1_74' title='bbox 1448 2122 1618 2171; x_wconf 91' lang='lat' dir='ltr'>cum</span> <span class='ocrx_word' id='word_1_75' title='bbox 1645 2122 1794 2195; x_wconf 89' lang='lat' dir='ltr'>quo</span> <span class='ocrx_word' id='word_1_76' title='bbox 1827 2123 1974 2171; x_wconf 91' lang='lat' dir='ltr'>uno</span> <span class='ocrx_word' id='word_1_77' title='bbox 2001 2097 2306 2172; x_wconf 86' lang='lat' dir='ltr'>maxime</span> <span class='ocrx_word' id='word_1_78' title='bbox 2340 2124 2591 2197; x_wconf 84' lang='lat' dir='ltr'>regum</span> <span class='ocrx_word' id='word_1_79' title='bbox 2619 2104 2696 2173; x_wconf 78' lang='grc' dir='ltr'>δε</span> 
     </span>
     <span class='ocr_line' id='line_1_13' title="bbox 738 2216 2696 2317; baseline 0 -26"><span class='ocrx_word' id='word_1_80' title='bbox 738 2228 789 2263; x_wconf 90' lang='lat'><strong>“</strong></span> <span class='ocrx_word' id='word_1_81' title='bbox 824 2221 1177 2317; x_wconf 89' lang='lat' dir='ltr'>privatum</span> <span class='ocrx_word' id='word_1_82' title='bbox 1232 2216 1541 2315; x_wconf 76' lang='lat' dir='ltr'>finguliS,</span> <span class='ocrx_word' id='word_1_83' title='bbox 1595 2216 1696 2303; x_wconf 76' lang='grc' dir='ltr'>δε,</span> <span class='ocrx_word' id='word_1_84' title='bbox 1761 2218 1962 2314; x_wconf 90' lang='lat' dir='ltr'>quod</span> <span class='ocrx_word' id='word_1_85' title='bbox 2002 2216 2226 2315; x_wconf 87' lang='lat' dir='ltr'>magis</span> <span class='ocrx_word' id='word_1_86' title='bbox 2265 2242 2396 2291; x_wconf 88' lang='lat' dir='ltr'>nos</span> <span class='ocrx_word' id='word_1_87' title='bbox 2423 2238 2696 2303; x_wconf 87' lang='lat' dir='ltr'>movet,</span> 
     </span>
     <span class='ocr_line' id='line_1_14' title="bbox 736 2333 2698 2434; baseline -0.001 -23"><span class='ocrx_word' id='word_1_88' title='bbox 736 2348 787 2383; x_wconf 86' lang='lat'><strong>“</strong></span> <span class='ocrx_word' id='word_1_89' title='bbox 824 2337 1202 2434; x_wconf 88' lang='lat' dir='ltr'>publicum</span> <span class='ocrx_word' id='word_1_90' title='bbox 1244 2334 1511 2411; x_wconf 87' lang='lat' dir='ltr'>civitati</span> <span class='ocrx_word' id='word_1_91' title='bbox 1551 2336 1814 2410; x_wconf 87' lang='lat' dir='ltr'>nostrae</span> <span class='ocrx_word' id='word_1_92' title='bbox 1843 2333 2228 2432; x_wconf 85' lang='lat' dir='ltr'>hospitium</span> <span class='ocrx_word' id='word_1_93' title='bbox 2266 2336 2386 2410; x_wconf 90' lang='lat' dir='ltr'>est.</span> <span class='ocrx_word' id='word_1_94' title='bbox 2483 2339 2698 2411; x_wconf 90' lang='lat' dir='ltr'>Cete-</span> 
     </span>
     <span class='ocr_line' id='line_1_15' title="bbox 736 2453 2695 2553; baseline 0.001 -24"><span class='ocrx_word' id='word_1_95' title='bbox 736 2466 787 2500; x_wconf 89' lang='lat'><strong>“</strong></span> <span class='ocrx_word' id='word_1_96' title='bbox 824 2482 985 2531; x_wconf 89' lang='lat' dir='ltr'>rum</span> <span class='ocrx_word' id='word_1_97' title='bbox 1032 2481 1175 2529; x_wconf 91' lang='lat' dir='ltr'>non</span> <span class='ocrx_word' id='word_1_98' title='bbox 1220 2453 1439 2527; x_wconf 89' lang='lat' dir='ltr'>animi</span> <span class='ocrx_word' id='word_1_99' title='bbox 1488 2454 1732 2541; x_wconf 89' lang='lat' dir='ltr'>nostri,</span> <span class='ocrx_word' id='word_1_100' title='bbox 1795 2457 2028 2528; x_wconf 89' lang='lat' dir='ltr'>Patres</span> <span class='ocrx_word' id='word_1_101' title='bbox 2075 2454 2476 2553; x_wconf 89' lang='lat' dir='ltr'>conscripti,</span> <span class='ocrx_word' id='word_1_102' title='bbox 2533 2482 2695 2546; x_wconf 78' lang='grc' dir='ltr'><strong>ηοε,</strong></span> 
     </span>
     <span class='ocr_line' id='line_1_16' title="bbox 740 2573 2698 2671; baseline 0.001 -23"><span class='ocrx_word' id='word_1_103' title='bbox 740 2585 789 2619; x_wconf 91' lang='lat'><strong>“</strong></span> <span class='ocrx_word' id='word_1_104' title='bbox 828 2574 944 2648; x_wconf 90' lang='lat' dir='ltr'>sed</span> <span class='ocrx_word' id='word_1_105' title='bbox 980 2600 1211 2648; x_wconf 88' lang='lat' dir='ltr'>rerum</span> <span class='ocrx_word' id='word_1_106' title='bbox 1250 2594 1517 2660; x_wconf 87' lang='lat' dir='ltr'>natura,</span> <span class='ocrx_word' id='word_1_107' title='bbox 1552 2596 1733 2667; x_wconf 90' lang='lat' dir='ltr'>quae</span> <span class='ocrx_word' id='word_1_108' title='bbox 1763 2573 2226 2671; x_wconf 87' lang='lat' dir='ltr'>potentiffima</span> <span class='ocrx_word' id='word_1_109' title='bbox 2261 2574 2383 2663; x_wconf 91' lang='lat' dir='ltr'>est,</span> <span class='ocrx_word' id='word_1_110' title='bbox 2423 2575 2698 2670; x_wconf 90' lang='lat' dir='ltr'>disjun-</span> 
     </span>
     <span class='ocr_line' id='line_1_17' title="bbox 736 2691 2694 2790; baseline 0.002 -25"><span class='ocrx_word' id='word_1_111' title='bbox 736 2704 787 2737; x_wconf 89' lang='lat'><strong>“</strong></span> <span class='ocrx_word' id='word_1_112' title='bbox 826 2693 971 2790; x_wconf 82' lang='lat' dir='ltr'>git3</span> <span class='ocrx_word' id='word_1_113' title='bbox 1042 2712 1126 2765; x_wconf 90' lang='lat' dir='ltr'>ut</span> <span class='ocrx_word' id='word_1_114' title='bbox 1160 2717 1287 2765; x_wconf 88' lang='lat' dir='ltr'>nos</span> <span class='ocrx_word' id='word_1_115' title='bbox 1321 2691 1521 2766; x_wconf 88' lang='lat' dir='ltr'>liberi</span> <span class='ocrx_word' id='word_1_116' title='bbox 1552 2692 1762 2766; x_wconf 88' lang='lat' dir='ltr'>etiam</span> <span class='ocrx_word' id='word_1_117' title='bbox 1798 2692 2094 2766; x_wconf 87' lang='lat' dir='ltr'>aliorum</span> <span class='ocrx_word' id='word_1_118' title='bbox 2133 2692 2464 2768; x_wconf 87' lang='lat' dir='ltr'>libertatis</span> <span class='ocrx_word' id='word_1_119' title='bbox 2497 2694 2694 2769; x_wconf 85' lang='lat' dir='ltr'>caus-</span> 
     </span>
     <span class='ocr_line' id='line_1_18' title="bbox 736 2810 2698 2910; baseline 0.001 -25"><span class='ocrx_word' id='word_1_120' title='bbox 736 2823 787 2857; x_wconf 90' lang='lat'><strong>“</strong></span> <span class='ocrx_word' id='word_1_121' title='bbox 826 2811 965 2885; x_wconf 89' lang='lat' dir='ltr'>sam</span> <span class='ocrx_word' id='word_1_122' title='bbox 1014 2838 1339 2910; x_wconf 75' lang='lat' dir='ltr'>agamus,</span> <span class='ocrx_word' id='word_1_123' title='bbox 1394 2837 1590 2909; x_wconf 87' lang='lat' dir='ltr'>reges</span> <span class='ocrx_word' id='word_1_124' title='bbox 1631 2810 1818 2885; x_wconf 87' lang='lat' dir='ltr'>serva</span> <span class='ocrx_word' id='word_1_125' title='bbox 1845 2810 2086 2885; x_wconf 87' lang='lat' dir='ltr'>omnia</span> <span class='ocrx_word' id='word_1_126' title='bbox 2119 2816 2186 2885; x_wconf 74' lang='grc' dir='ltr'>ὅτ</span> <span class='ocrx_word' id='word_1_127' title='bbox 2221 2810 2524 2908; x_wconf 62' lang='lat' dir='ltr'>subjecta</span> <span class='ocrx_word' id='word_1_128' title='bbox 2553 2812 2698 2887; x_wconf 87' lang='lat' dir='ltr'>im-</span> 
     </span>
     <span class='ocr_line' id='line_1_19' title="bbox 736 2929 2694 3028; baseline 0.002 -24"><span class='ocrx_word' id='word_1_129' title='bbox 736 2942 788 2976; x_wconf 91' lang='lat'><strong>“</strong></span> <span class='ocrx_word' id='word_1_130' title='bbox 824 2930 1023 3028; x_wconf 90' lang='lat' dir='ltr'>perio</span> <span class='ocrx_word' id='word_1_131' title='bbox 1050 2929 1177 3004; x_wconf 91' lang='lat' dir='ltr'>suo</span> <span class='ocrx_word' id='word_1_132' title='bbox 1216 2933 1347 3004; x_wconf 85' lang='lat' dir='ltr'>effe</span> <span class='ocrx_word' id='word_1_133' title='bbox 1378 2931 1621 3003; x_wconf 89' lang='lat' dir='ltr'>velint.</span> <span class='ocrx_word' id='word_1_134' title='bbox 1722 2933 2145 3027; x_wconf 90' lang='lat' dir='ltr'>Utcumque</span> <span class='ocrx_word' id='word_1_135' title='bbox 2193 2953 2426 3005; x_wconf 85' lang='lat' dir='ltr'>tamen</span> <span class='ocrx_word' id='word_1_136' title='bbox 2471 2958 2576 3007; x_wconf 86' lang='lat' dir='ltr'>res</span> <span class='ocrx_word' id='word_1_137' title='bbox 2621 2932 2694 3009; x_wconf 88' lang='lat' dir='ltr'>se</span> 
     </span>
     <span class='ocr_line' id='line_1_20' title="bbox 734 3050 2696 3151; baseline 0.001 -26"><span class='ocrx_word' id='word_1_138' title='bbox 734 3062 787 3097; x_wconf 88' lang='lat'><strong>“</strong></span> <span class='ocrx_word' id='word_1_139' title='bbox 824 3053 1060 3137; x_wconf 89' lang='lat' dir='ltr'>habet,</span> <span class='ocrx_word' id='word_1_140' title='bbox 1109 3050 1330 3149; x_wconf 87' lang='lat' dir='ltr'>magis</span> <span class='ocrx_word' id='word_1_141' title='bbox 1376 3050 1806 3124; x_wconf 85' lang='lat' dir='ltr'>verecundia</span> <span class='ocrx_word' id='word_1_142' title='bbox 1841 3050 2070 3123; x_wconf 86' lang='lat' dir='ltr'>nostra</span> <span class='ocrx_word' id='word_1_143' title='bbox 2099 3050 2424 3125; x_wconf 83' lang='lat' dir='ltr'>adversus</span> <span class='ocrx_word' id='word_1_144' title='bbox 2453 3078 2696 3151; x_wconf 86' lang='lat' dir='ltr'>regem</span> 
     </span>
     <span class='ocr_line' id='line_1_21' title="bbox 734 3167 2692 3267; baseline 0.002 -24"><span class='ocrx_word' id='word_1_145' title='bbox 734 3180 785 3215; x_wconf 86' lang='lat'><strong>“</strong></span> <span class='ocrx_word' id='word_1_146' title='bbox 824 3169 1027 3245; x_wconf 87' lang='lat' dir='ltr'>nobis</span> <span class='ocrx_word' id='word_1_147' title='bbox 1060 3170 1308 3258; x_wconf 89' lang='lat' dir='ltr'>obstat,</span> <span class='ocrx_word' id='word_1_148' title='bbox 1338 3194 1558 3265; x_wconf 88' lang='lat' dir='ltr'>quam</span> <span class='ocrx_word' id='word_1_149' title='bbox 1594 3167 1736 3267; x_wconf 91' lang='lat' dir='ltr'>ipsa</span> <span class='ocrx_word' id='word_1_150' title='bbox 1761 3167 2168 3267; x_wconf 89' lang='lat' dir='ltr'>disceptatio</span> <span class='ocrx_word' id='word_1_151' title='bbox 2201 3192 2323 3244; x_wconf 91' lang='lat' dir='ltr'>aut</span> <span class='ocrx_word' id='word_1_152' title='bbox 2350 3171 2552 3245; x_wconf 89' lang='lat' dir='ltr'>nobis</span> <span class='ocrx_word' id='word_1_153' title='bbox 2581 3171 2692 3247; x_wconf 88' lang='lat' dir='ltr'>in-</span> 
     </span>
     <span class='ocr_line' id='line_1_22' title="bbox 735 3287 2692 3388; baseline 0.001 -24"><span class='ocrx_word' id='word_1_154' title='bbox 735 3299 787 3334; x_wconf 89' lang='lat'><strong>“</strong></span> <span class='ocrx_word' id='word_1_155' title='bbox 821 3288 1064 3388; x_wconf 89' lang='lat' dir='ltr'>pedita</span> <span class='ocrx_word' id='word_1_156' title='bbox 1099 3290 1223 3378; x_wconf 85' lang='lat' dir='ltr'>est,</span> <span class='ocrx_word' id='word_1_157' title='bbox 1283 3310 1406 3363; x_wconf 92' lang='lat' dir='ltr'>aut</span> <span class='ocrx_word' id='word_1_158' title='bbox 1436 3287 1638 3363; x_wconf 86' lang='lat' dir='ltr'>vobis</span> <span class='ocrx_word' id='word_1_159' title='bbox 1672 3290 2075 3385; x_wconf 83' lang='lat' dir='ltr'>perplexam</span> <span class='ocrx_word' id='word_1_160' title='bbox 2109 3289 2692 3366; x_wconf 84' lang='lat' dir='ltr'>deliberationem</span> 
     </span>
     <span class='ocr_line' id='line_1_23' title="bbox 734 3406 2692 3507; baseline 0.001 -24"><span class='ocrx_word' id='word_1_161' title='bbox 734 3418 786 3454; x_wconf 89' lang='lat'><strong>“</strong></span> <span class='ocrx_word' id='word_1_162' title='bbox 821 3408 1217 3507; x_wconf 86' lang='lat' dir='ltr'>praebitura</span> <span class='ocrx_word' id='word_1_163' title='bbox 1249 3406 1549 3482; x_wconf 87' lang='lat' dir='ltr'>videtur.</span> <span class='ocrx_word' id='word_1_164' title='bbox 1649 3410 1870 3494; x_wconf 90' lang='lat' dir='ltr'>Nam,</span> <span class='ocrx_word' id='word_1_165' title='bbox 1922 3411 1967 3480; x_wconf 88' lang='lat' dir='ltr'>fi</span> <span class='ocrx_word' id='word_1_166' title='bbox 2014 3407 2211 3482; x_wconf 89' lang='lat' dir='ltr'>aliter</span> <span class='ocrx_word' id='word_1_167' title='bbox 2253 3408 2442 3483; x_wconf 89' lang='lat' dir='ltr'>socio</span> <span class='ocrx_word' id='word_1_168' title='bbox 2473 3432 2692 3507; x_wconf 86' lang='lat' dir='ltr'>atque</span> 
     </span>
     <span class='ocr_line' id='line_1_24' title="bbox 732 3526 2690 3627; baseline 0.002 -26"><span class='ocrx_word' id='word_1_169' title='bbox 732 3536 783 3571; x_wconf 80' lang='lat'>‘⁶</span> <span class='ocrx_word' id='word_1_170' title='bbox 820 3527 1054 3601; x_wconf 89' lang='lat' dir='ltr'>amico</span> <span class='ocrx_word' id='word_1_171' title='bbox 1108 3526 1283 3627; x_wconf 87' lang='lat' dir='ltr'>regi,</span> <span class='ocrx_word' id='word_1_172' title='bbox 1338 3531 1406 3601; x_wconf 88' lang='lat'>&amp;</span> <span class='ocrx_word' id='word_1_173' title='bbox 1461 3529 1640 3602; x_wconf 90' lang='lat' dir='ltr'>bene</span> <span class='ocrx_word' id='word_1_174' title='bbox 1689 3526 1942 3600; x_wconf 89' lang='lat' dir='ltr'>merito</span> <span class='ocrx_word' id='word_1_175' title='bbox 1975 3530 2113 3601; x_wconf 90' lang='lat' dir='ltr'>hoc</span> <span class='ocrx_word' id='word_1_176' title='bbox 2157 3526 2304 3625; x_wconf 88' lang='lat' dir='ltr'>ipso</span> <span class='ocrx_word' id='word_1_177' title='bbox 2351 3528 2426 3603; x_wconf 89' lang='lat' dir='ltr'>in</span> <span class='ocrx_word' id='word_1_178' title='bbox 2471 3532 2690 3619; x_wconf 80' lang='lat' dir='ltr'>belle,</span> 
     </span>
     <span class='ocr_line' id='line_1_25' title="bbox 734 3644 2690 3744; baseline 0.003 -25"><span class='ocrx_word' id='word_1_179' title='bbox 734 3656 786 3689; x_wconf 91' lang='lat'><strong><em>“</em></strong></span> <span class='ocrx_word' id='word_1_180' title='bbox 823 3647 915 3719; x_wconf 89' lang='lat' dir='ltr'>de</span> <span class='ocrx_word' id='word_1_181' title='bbox 967 3647 1171 3741; x_wconf 87' lang='lat' dir='ltr'>cujus</span> <span class='ocrx_word' id='word_1_182' title='bbox 1223 3644 1551 3743; x_wconf 88' lang='lat' dir='ltr'>praemiis</span> <span class='ocrx_word' id='word_1_183' title='bbox 1599 3644 1854 3744; x_wconf 85' lang='lat' dir='ltr'>agitur,</span> <span class='ocrx_word' id='word_1_184' title='bbox 1905 3648 2132 3721; x_wconf 88' lang='lat' dir='ltr'>honos</span> <span class='ocrx_word' id='word_1_185' title='bbox 2175 3647 2414 3722; x_wconf 90' lang='lat' dir='ltr'>haberi</span> <span class='ocrx_word' id='word_1_186' title='bbox 2449 3651 2690 3724; x_wconf 82' lang='lat' dir='ltr'>nullus</span> 
     </span>
     <span class='ocr_line' id='line_1_26' title="bbox 736 3764 2686 3861; baseline 0.004 -24"><span class='ocrx_word' id='word_1_187' title='bbox 736 3776 787 3809; x_wconf 89' lang='lat'><strong>“</strong></span> <span class='ocrx_word' id='word_1_188' title='bbox 822 3766 1070 3861; x_wconf 85' lang='lat' dir='ltr'>poffet,</span> <span class='ocrx_word' id='word_1_189' title='bbox 1124 3764 1245 3839; x_wconf 76' lang='lat' dir='ltr'>nist</span> <span class='ocrx_word' id='word_1_190' title='bbox 1279 3765 1525 3840; x_wconf 86' lang='lat' dir='ltr'>liberas</span> <span class='ocrx_word' id='word_1_191' title='bbox 1560 3765 1874 3842; x_wconf 85' lang='lat' dir='ltr'>civitates</span> <span class='ocrx_word' id='word_1_192' title='bbox 1907 3766 1972 3839; x_wconf 90' lang='lat' dir='ltr'>ei</span> <span class='ocrx_word' id='word_1_193' title='bbox 2006 3766 2083 3840; x_wconf 89' lang='lat' dir='ltr'>in</span> <span class='ocrx_word' id='word_1_194' title='bbox 2115 3766 2518 3843; x_wconf 86' lang='lat' dir='ltr'>servitutem</span> <span class='ocrx_word' id='word_1_195' title='bbox 2551 3791 2686 3845; x_wconf 90' lang='lat' dir='ltr'>tra-</span> 
     </span>
     <span class='ocr_line' id='line_1_27' title="bbox 734 3884 2687 3990; baseline 0.005 -34"><span class='ocrx_word' id='word_1_196' title='bbox 734 3894 785 3927; x_wconf 89' lang='lat'><strong>“</strong></span> <span class='ocrx_word' id='word_1_197' title='bbox 822 3884 1101 3973; x_wconf 79' lang='lat' dir='ltr'>deretiS,</span> <span class='ocrx_word' id='word_1_198' title='bbox 1167 3886 1331 3958; x_wconf 86' lang='lat' dir='ltr'>effet</span> <span class='ocrx_word' id='word_1_199' title='bbox 1360 3884 1770 3959; x_wconf 89' lang='lat' dir='ltr'>deliberatio</span> <span class='ocrx_word' id='word_1_200' title='bbox 1801 3912 2094 3984; x_wconf 85' lang='lat' dir='ltr'>anceps3</span> <span class='ocrx_word' id='word_1_201' title='bbox 2146 3915 2236 3962; x_wconf 89' lang='lat' dir='ltr'>ne</span> <span class='ocrx_word' id='word_1_202' title='bbox 2273 3910 2396 3964; x_wconf 89' lang='lat' dir='ltr'>aut</span> <span class='ocrx_word' id='word_1_203' title='bbox 2449 3916 2687 3990; x_wconf 86' lang='lat' dir='ltr'>regem</span> 
     </span>
     <span class='ocr_line' id='line_1_28' title="bbox 730 4004 2683 4096; baseline 0.004 -18"><span class='ocrx_word' id='word_1_204' title='bbox 730 4016 780 4049; x_wconf 90' lang='lat'><strong>“</strong></span> <span class='ocrx_word' id='word_1_205' title='bbox 817 4004 1134 4079; x_wconf 86' lang='lat' dir='ltr'>amicum</span> <span class='ocrx_word' id='word_1_206' title='bbox 1174 4005 1675 4078; x_wconf 86' lang='lat' dir='ltr'>inhonoratum</span> <span class='ocrx_word' id='word_1_207' title='bbox 1707 4004 2176 4096; x_wconf 86' lang='lat' dir='ltr'>dimitteretis,</span> <span class='ocrx_word' id='word_1_208' title='bbox 2227 4031 2351 4084; x_wconf 92' lang='lat' dir='ltr'>aut</span> <span class='ocrx_word' id='word_1_209' title='bbox 2384 4011 2683 4085; x_wconf 88' lang='lat' dir='ltr'>decede-</span> 
     </span>
     <span class='ocr_line' id='line_1_29' title="bbox 728 4122 2682 4229; baseline 0.004 -31"><span class='ocrx_word' id='word_1_210' title='bbox 728 4134 779 4169; x_wconf 90' lang='lat'><strong>“</strong></span> <span class='ocrx_word' id='word_1_211' title='bbox 815 4124 976 4199; x_wconf 88' lang='lat' dir='ltr'>retis</span> <span class='ocrx_word' id='word_1_212' title='bbox 1013 4122 1329 4200; x_wconf 76' lang='lat' dir='ltr'>instituto</span> <span class='ocrx_word' id='word_1_213' title='bbox 1358 4124 1611 4213; x_wconf 81' lang='lat' dir='ltr'>vestm,</span> <span class='ocrx_word' id='word_1_214' title='bbox 1663 4126 1737 4197; x_wconf 90' lang='lat'>&amp;</span> <span class='ocrx_word' id='word_1_215' title='bbox 1771 4124 2092 4225; x_wconf 88' lang='lat' dir='ltr'>gloriam,</span> <span class='ocrx_word' id='word_1_216' title='bbox 2121 4128 2436 4229; x_wconf 91' lang='lat' dir='ltr'>Philippi</span> <span class='ocrx_word' id='word_1_217' title='bbox 2493 4132 2682 4205; x_wconf 89' lang='lat' dir='ltr'>bello</span> 
     </span>
    </p>
   </div>
  </div>
 </body>
</html>
