3100 5359
661 657 813 749 264
1255 654 1877 731 T.L1v11

663 826 1110 927 sequebatur,
1165 850 1308 899 non
1331 826 1827 921 jumentorum
1860 826 2116 925 longus
2163 824 2339 899 ordo
2382 850 2655 927 agmen

668 946 1136 1021 extendebatz
1190 944 1395 1034 nihil,
1461 967 1733 1043 praeter
1778 968 1971 1021 arma
2024 943 2099 1015 ὅτ.
2134 942 2321 1021 viros
2350 972 2651 1021 omnem

666 1066 860 1167 spem
883 1064 958 1140 in
983 1064 1190 1141 armis
1211 1068 1575 1155 habentes,
1611 1086 1777 1141 erat.
1844 1068 2007 1141 Nec
2034 1068 2273 1141 deerat
2299 1090 2651 1166 umquam

667 1213 836 1263 cum
876 1186 964 1261 iis
995 1188 1110 1261 vel
1143 1184 1431 1261 materia
1463 1186 1657 1272 belli,
1689 1186 1803 1261 vel
1837 1186 2112 1270 cauffa;
2162 1183 2335 1287 quia
2364 1206 2649 1285 propter

670 1305 1134 1382 domesticam
1196 1306 1514 1405 inopiam
1572 1304 1847 1381 vicinos
1910 1331 2113 1405 agros
2180 1304 2652 1381 incursabant.

669 1430 832 1503 Nec
869 1447 1107 1503 tamen
1155 1426 1231 1501 in
1259 1424 1639 1501 discrimen
1669 1424 1981 1503 summae
2014 1451 2251 1500 rerum
2278 1428 2647 1525 pugnaba-

673 1568 812 1623 tur.

768 1670 863 1743 ΙΙ.
965 1670 1052 1742 C.
1090 1664 1486 1742 Flaminius
1520 1664 1795 1754 consul,
1848 1691 2019 1745 cum
2056 1663 2489 1744 Friniatibus
2512 1663 2649 1743 Li-

671 1787 970 1887 guribus
1024 1786 1101 1861 in
1153 1811 1323 1885 agro
1368 1810 1621 1863 eorum
1652 1783 1977 1885 pluribus
2010 1784 2294 1884 proeliis
2326 1784 2653 1863 secundis

669 1906 898 1997 faetis,
921 1908 998 1983 in
1031 1904 1476 2015 deditionem
1511 1927 1800 2005 gentem
1832 1904 2130 2003 accepit,
2168 1909 2237 1981 δε
2266 1928 2461 1983 arma
2480 1908 2649 1981 ade.-

671 2026 848 2105 mit:
905 2054 988 2103 ea
1025 2026 1200 2127 quia
1259 2052 1401 2103 non
1461 2029 1721 2101 sincera
1764 2026 1908 2099 fide
1968 2026 2365 2115 tradebant,
2416 2052 2651 2125 quum

676 2146 1206 2249 castigarentur,
1251 2144 1510 2223 reliffls
1542 2144 1752 2233 vicis,
1803 2144 1880 2219 in
1912 2166 2231 2223 montem
2269 2146 2649 2247 Auginum

673 2268 1178 2371 confugerunt.
1277 2264 1674 2343 Confestim
1710 2264 1987 2341 secutus
2016 2265 2115 2341 est
2144 2264 2411 2343 consul.
2508 2270 2649 2345 Ce-

672 2388 802 2467 teri
836 2389 1031 2467 effufi
1059 2386 1315 2477 rursus,
1361 2388 1434 2460 &
1463 2412 1621 2486 pars
1652 2385 1968 2464 maxima
1996 2386 2323 2477 inermes,
2384 2415 2510 2489 per
2540 2387 2649 2465 in-

670 2509 788 2585 via
825 2511 904 2584 &
938 2536 1146 2606 rupes
1179 2509 1506 2607 deruptas
1538 2506 2075 2607 praecipitantes
2106 2506 2473 2607 fugerunt,
2504 2534 2653 2607 qua

671 2628 873 2729 sequi
893 2628 1110 2705 hostis
1129 2655 1276 2703 non
1305 2629 1554 2727 posset.
1636 2630 1745 2705 Ita
1778 2650 1961 2703 trans
1995 2627 2469 2727 Apenninum
2498 2628 2651 2705 abi-

675 2770 909 2826 erunt.
1009 2748 1166 2849 Qi
1219 2748 1454 2823 castris
1507 2747 1573 2823 se
1628 2768 2022 2837 tenuerant,
2074 2748 2493 2827 circumseffi
2526 2774 2651 2825 ex-

673 2866 976 2969 pugnati
1037 2866 1219 2943 sunt.
1317 2869 1497 2943 Inde
1541 2889 1731 2943 trans
1763 2868 2235 2968 Apenninum
2268 2871 2525 2945 duecae
2552 2872 2649 2945 le-

669 2988 946 3089 giones.
1048 2987 1161 3063 Ibi
1222 2986 1515 3077 montis,
1577 3013 1801 3088 quem
1858 3011 2213 3088 ceperant,
2274 2990 2651 3067 altitudine

672 3106 1050 3209 paullisper
1103 3104 1170 3183 se
1226 3107 1460 3197 tutati,
1515 3133 1691 3186 mox
1718 3107 1794 3183 in
1828 3109 2271 3187 deditionem
2302 3114 2649 3189 concefl'e-

671 3247 865 3304 runt.
965 3228 1039 3303 T
1041 3253 1168 3303 um
1198 3227 1593 3329 conquifita
1624 3254 1796 3307 cum
1829 3229 2207 3307 intentiore
2232 3256 2402 3309 cura
2431 3258 2649 3321 arma,

675 3351 746 3423 ὅτ
777 3346 1022 3423 omnia
1052 3348 1354 3427 ademta.
1423 3350 1873 3427 Transsatum
1906 3351 2168 3427 deinde
2192 3352 2285 3427 ad
2306 3357 2651 3450 Apuanos

673 3466 984 3567 Ligures
1027 3470 1350 3557 bellum3
1403 3468 1534 3568 qui
1574 3468 1651 3545 in
1686 3496 1938 3571 agrum
1972 3470 2307 3549 Pisanum
2342 3471 2653 3549 Bononi-

673 3588 1058 3687 ensemque
1117 3589 1217 3665 ita
1254 3588 1799 3681 incursaverant,
1866 3614 1951 3669 ut
2006 3592 2147 3667 coli
2199 3619 2346 3669 non
2404 3596 2650 3691 pofl‘et.

671 3706 820 3785 His
851 3732 1145 3809 quoque
1163 3709 1607 3807 perdomitis,
1654 3710 1899 3789 consul
1930 3738 2181 3813 pacem
2206 3711 2409 3789 dedit
2434 3711 2653 3787 finiti-

675 3827 841 3907 mis.
943 3832 1067 3919 Et,
1135 3829 1334 3929 quia,
1385 3856 1428 3907 a
1457 3832 1649 3907 bello
1680 3832 1927 3931 quieta
1958 3854 2041 3909 ut
2068 3836 2233 3909 effet
2258 3832 2651 3935 provincia,

676 3950 1025 4038 effecerat,
1061 3975 1152 4023 ne
1172 3949 1249 4025 in
1275 3950 1426 4025 otio
1453 3951 1759 4029 militem
1786 3954 2100 4045 haberet,
2135 3953 2326 4031 viam
2347 3982 2393 4031 a
2418 3958 2651 4033 Bono·-

669 4070 791 4149 nia
817 4068 1156 4172 perduxit
1189 4070 1583 4151 Arretium.
1678 4074 1800 4149 M.
1853 4074 2207 4153 Aemilius
2254 4077 2428 4153 alter
2477 4100 2651 4153 con-
