3100 5359
1014 756 1088 831 L
1144 782 1176 831 1
1238 782 1280 833 z
1332 780 1378 831 Β
1428 778 1478 835 ιι
1549 747 1939 831 XXXIX.
2333 780 2478 856 309

493 931 662 1009 Pifis
684 928 1038 1031 profectus
1067 929 1142 1005 in
1165 935 1510 1029 Apuanos
1537 928 1871 1031 LigureS‚
1905 928 2241 1005 vastando
2264 954 2467 1028 agros

492 1053 917 1151 urendoque
949 1048 1146 1125 vicos
1179 1054 1250 1125 ὅτ
1283 1050 1563 1125 castella.
1596 1076 1869 1138 eorum,
1906 1049 2181 1147 aperuit
2214 1048 2467 1125 saltum

495 1172 722 1271 usque
793 1173 884 1247 ad
941 1171 1247 1247 fluvium
1312 1174 1641 1247 Macram
1692 1172 1771 1243 &
1836 1174 2089 1275 Lunae
2154 1190 2464 1270 portum.

493 1292 764 1371 Hostes
809 1313 1158 1379 montem,
1213 1289 1583 1389 antiquam
1630 1290 1866 1365 sedern
1912 1292 2261 1388 majorum
2308 1290 2464 1366 suo-

494 1437 684 1500 rum,
734 1432 1115 1510 ceperunt=
1170 1414 1235 1485 δι
1272 1410 1468 1499 inde,
1501 1409 1817 1510 superata
1840 1412 2163 1486 locorum
2196 1410 2465 1508 iniqui-

497 1552 664 1620 tate,
717 1530 988 1631 proelio
1022 1529 1276 1627 dejecti
1311 1524 1496 1607 sunt'.
1599 1532 1697 1604 Et
1748 1535 1895 1629 Ap.
1930 1530 2277 1606 Claudius
2308 1530 2462 1605 feli·
2524 1550 2531 1559 ·

501 1650 791 1727 citatem
817 1648 1302 1749 virtutemque
1330 1652 1642 1749 collegae
1678 1650 1751 1724 in
1775 1650 2173 1750 Liguribus
2208 1653 2466 1753 Ingau-

499 1770 611 1847 nis
657 1768 989 1869 aequavit
1035 1768 1361 1849 secundis
1387 1770 1666 1868 aliquot
1695 1770 2001 1869 proeliis.
2100 1774 2237 1847 Sex
2270 1798 2465 1870 prae-

497 1912 684 1967 terea.
744 1889 1012 1989 oppida
1062 1916 1320 1965 eorum·
1379 1890 1855 1989 expugnavit:
1937 1893 2163 1966 multa
2242 1892 2469 1967 millia

497 2009 882 2087 hominum
935 2008 1012 2086 in
1059 2008 1144 2083 iis
1178 2008 1408 2107 cepit=
1461 2009 1630 2085 belli
1666 2014 1984 2085 auctores
2020 2030 2155 2086 tres
2178 2012 2256 2085 δε
2288 2036 2462 2109 qua-

495 2131 826 2231 draginta
873 2128 1094 2205 securi
1149 2131 1493 2229 percuffit.
1593 2131 1758 2224 Jam
1812 2130 2273 2206 comitiorum
2335 2132 2464 2207 ad-

499 2254 784 2350 petebat
841 2270 1146 2347 tempuS.
1267 2246 1470 2326 Prior
1507 2270 1745 2325 tamen
1802 2249 2176 2339 Claudius,
2244 2276 2463 2351 quam

491 2370 974 2469 Sempronius,
1031 2368 1151 2445 cui
1177 2368 1318 2445 sors
1364 2367 1654 2445 comitia
1705 2369 2014 2445 habendi
2082 2370 2455 2471 obtigerat,

493 2494 814 2568 Romam
846 2488 1089 2577 venit3
1141 2487 1312 2588 quia
1351 2492 1432 2563 P.
1467 2488 1815 2564 Claudius
1846 2487 2055 2564 frater
2090 2490 2239 2585 ejus
2290 2516 2463 2566 con-

503 2612 810 2687 sulatum
862 2612 1167 2709 petebat.
1266 2608 1785 2707 Competitores
1813 2610 2117 2683 habebat
2138 2608 2468 2709 patricios

503 2734 600 2809 L.
653 2729 1082 2819 Aemilium,
1135 2734 1244 2830 Q
1269 2728 1605 2815 Fabium,
1659 2731 1802 2802 Ser.
1860 2728 2263 2827 Sulpicium
2295 2733 2467 2807 Gal-

503 2855 701 2939 bam,
769 2871 1036 2927 veteres
1086 2848 1526 2937 candidatos,
1578 2852 1647 2923 δε
1680 2850 1771 2923 ab
1802 2846 2089 2945 repulfis
2120 2875 2208 2925 eo
2239 2851 2469 2951 magis

499 2971 856 3060 debiturn,
899 2970 1070 3069 quia
1095 2968 1327 3070 primo
1358 2991 1655 3069 negatus
1688 2989 1859 3058 erat,
1890 2972 2233 3045 honorem
2261 2996 2464 3070 repe-

498 3111 748 3179 tentes.
849 3088 1115 3178 Edam,
1171 3087 1342 3187 quia
1390 3091 1552 3187 plus
1596 3113 1817 3191 quam
1850 3115 2083 3166 unum
2126 3116 2221 3166 ex
2252 3092 2463 3191 patri-

497 3210 630 3287 ciis
695 3208 908 3286 creari
977 3236 1122 3286 non
1187 3208 1473 3297 licebat,
1554 3209 1767 3283 artior
1838 3210 2090 3309 petitio
2156 3234 2464 3310 quatum·

493 3330 902 3432 petentibus
933 3351 1098 3405 erat.
1198 3328 1464 3427 Plebeji
1495 3354 1787 3428 quoque
1820 3330 2099 3428 gratiofi
2131 3332 2461 3409 homines

495 3454 857 3551 petebant,
908 3453 1003 3525 L.
1045 3448 1367 3539 PorciuS,
1413 3453 1528 3551 Q
1547 3449 1927 3525 Terentius
1984 3452 2267 3542 Culle0‚
2323 3455 2461 3529 Cn.

497 3571 802 3649 Baebius
834 3568 1286 3667 Tamphilus.
1389 3572 1486 3643 Et
1517 3567 1595 3643 hi
1630 3571 1909 3668 repulli,
1966 3569 2041 3644 in
2086 3570 2279 3671 spem
2325 3572 2461 3659 im,-

495 3691 818 3792 petrandi
850 3690 1142 3767 tandem
1173 3688 1562 3788 aliquando
1593 3688 1883 3766 honoris
1916 3689 2141 3769 dilati.
2240 3694 2465 3769 Clau-

493 3811 664 3891 dius
720 3837 908 3887 unus
968 3836 1060 3887 ex
1107 3808 1446 3886 omnibus
1497 3834 1725 3884 novus
1800 3809 2225 3887 candidatus
2293 3832 2464 3889 emt.

497 3931 864 4031 Opinione
914 3929 1296 4005 hominum
1329 3930 1526 4004 haud
1554 3928 1775 4005 dubie
1804 3928 2333 4009 destinabantur
2362 3937 2483 4035 Q

499 4052 768 4135 Fabius
815 4054 1066 4129 Labeo
1093 4054 1163 4125 fit
1198 4052 1292 4125 L.
1324 4048 1625 4125 Porcius
1654 4046 1983 4126 Licinus.
2060 4051 2221 4125 ‘Sed
2248 4052 2463 4126 Clau·

496 4172 664 4254 dius
721 4170 968 4253 consul
1026 4174 1164 4247 fine
1223 4168 1595 4248 lictoribus
1646 4194 1819 4247 cum
1864 4168 2071 4247 fratre
2102 4188 2259 4249 toto
2302 4170 2461 4251 foro
