3100 5359
790 753 880 800 22
1424 725 2027 800 T.L1v.11

787 895 1209 999 praepositus
1270 895 1520 986 fuerat,
1591 896 1984 997 accepiffet,
2055 899 2470 974 Leucadem
2523 897 2746 987 venit,

785 1015 1252 1116 implevitque
1305 1015 1444 1115 spei
1507 1016 1770 1093 socios=
1830 1017 1963 1092 Μ’.
2020 1017 2344 1093 Acilium
2385 1018 2748 1094 consulem

772 1137 924 1237 jam
975 1163 1142 1213 cum
1190 1135 1593 1236 legionibus
1635 1163 1824 1213 mare
1875 1137 2230 1235 trajecisse,
2282 1142 2351 1213 ὅτ
2403 1137 2478 1212 in
2525 1138 2747 1215 Thes-

788 1259 951 1336 salia
997 1257 1211 1332 castra
1262 1259 1596 1332 Romana
1645 1261 1802 1332 effe.
1901 1259 2135 1333 Hunc
2167 1283 2527 1334 rumorem
2577 1259 2756 1357 quia

786 1377 1081 1452 fimilem
1118 1376 1265 1450 veri
1312 1397 1594 1476 tempus
1625 1376 1792 1451 anni
1831 1397 2186 1452 maturum
2219 1379 2369 1475 jam
2411 1381 2506 1454 ad
2553 1379 2746 1454 navi-

786 1499 1105 1598 gandum
1152 1496 1495 1586 faciebat3
1547 1522 1696 1584 reat,
1749 1496 2086 1596 praesidio
2139 1497 2492 1572 Medione
2543 1497 2747 1596 inpo-

783 1624 934 1711 fito,
998 1626 1067 1694 ac
1122 1618 1197 1692 in
1248 1616 1680 1717 quibusdam
1727 1615 1882 1691 aliis
1940 1617 2378 1693 Acarnaniae
2435 1618 2746 1717 oppidiS,

787 1739 1065 1840 Thyrio
1096 1738 1428 1825 abscessit,
1463 1740 1533 1811 δε
1561 1763 1686 1836 per
1711 1736 2033 1812 Aetoliae
2059 1763 2141 1813 ac
2167 1735 2505 1836 Phocidis
2536 1741 2748 1815 urbes

788 1860 1204 1936 Chalcidem
1240 1856 1471 1933 rediit.

884 1982 1088 2058 XIII.
1188 1981 1339 2054 Sub
1373 1976 1568 2051 idem
1596 1997 1878 2074 tempus
1911 1979 2028 2054 M.
2052 1975 2354 2052 Baebius
2379 1981 2447 2052 δι·
2475 1977 2747 2078 Philip-

783 2127 917 2200 pus
950 2125 1099 2188 τοι,
1138 2097 1288 2195 jam
1323 2117 1483 2171 ante
1516 2119 1641 2195 per
1671 2087 1982 2172 hiemem
2019 2093 2094 2171 in
2128 2096 2530 2172 Daffaretiis
2579 2124 2747 2174 con-

784 2223 1009 2320 greffi,
1058 2243 1292 2319 quum
1346 2222 1489 2314 Ap.
1520 2215 1938 2305 Claudium,
1989 2237 2074 2292 ut
2112 2217 2474 2292 obsidione
2519 2216 2748 2293 Laris-

780 2339 924 2415 sam
976 2339 1342 2425 eximeret,
1407 2335 1483 2410 in
1542 2341 1617 2412 T
1617 2331 1975 2412 heffaliam
2027 2337 2382 2427 mififfent,
2446 2337 2619 2437 quia
2669 2337 2750 2414 id

786 2481 1066 2558 tempus
1098 2462 1305 2534 rebus
1340 2455 1668 2556 gerendis
1693 2455 2149 2532 ·inmaturum
2183 2479 2351 2546 erat,
2403 2457 2479 2532 in
2513 2458 2747 2534 hiber-

782 2605 874 2654 na
925 2581 1219 2678 regreffi,
1290 2575 1645 2676 principio
1702 2575 1882 2650 veris
1941 2573 2340 2673 conjunctis
2389 2575 2614 2678 copiis
2674 2576 2751 2651 in

785 2696 1211 2773 Theffaliam
1240 2696 1775 2771 descenderunt.
1875 2699 1960 2772 In
1983 2697 2382 2772 Acarnania
2406 2720 2564 2772 tum
2592 2703 2750 2773 An·

781 2818 1063 2894 tiochus
1099 2837 1263 2891 erat.
1365 2815 1876 2904 Advenientes,
1928 2815 2303 2915 Philippus
2355 2820 2750 2895 Malloeam

782 2936 1268 3024 Perrhaebiae,
1306 2934 1605 3011 Baebius
1627 2933 1976 3010 Phacium
1997 2937 2098 3010 est
2114 2939 2493 3038 adgreffus.
2569 2943 2745 3040 Qo

782 3059 1013 3158 primo
1052 3082 1268 3155 prope
1302 3055 1547 3154 inpetu
1586 3075 1821 3154 capte,
1873 3055 2252 3132 Phaestum
2289 3060 2537 3133 eadem
2567 3061 2749 3134 cele-

782 3179 980 3255 ritate
1033 3175 1245 3272 capit.
1346 3177 1523 3251 Inde
1572 3180 1906 3250 Atracem
1957 3201 2189 3275 quum
2237 3177 2303 3252 se
2357 3177 2746 3276 recepifl‘et,

782 3297 1097 3398 Cyretias
1148 3293 1319 3369 hinc
1371 3299 1440 3369 ὅτ
1491 3293 1804 3369 Eritium
1853 3319 2198 3396 occupat:
2251 3297 2744 3399 praefidiisque

782 3445 904 3520 per
940 3437 1220 3514 recepta
1250 3414 1517 3514 oppida
1561 3413 1928 3512 dispofitiS,
1983 3415 2322 3515 Philippo
2355 3417 2583 3494 rursus
2615 3423 2747 3496 ob-

783 3537 1028 3615 fidenti
1083 3535 1471 3610 Malloeam
1530 3533 1600 3608 se
1657 3534 2052 3635 conjungit.
2153 3540 2304 3612 Sub
2355 3540 2747 3614 adventum

784 3655 1103 3734 Romani
1136 3653 1508 3742 exercitus,
1560 3652 1677 3729 seu
1725 3656 1814 3730 ad
1849 3679 2124 3730 metum
2158 3655 2448 3747 virium,
2499 3658 2616 3735 seu
2652 3662 2744 3736 ad

782 3777 973 3878 spem
1018 3773 1292 3863 veniae,
1344 3799 1580 3874 quum
1623 3773 2050 3850 dedidissent
2083 3775 2263 3865 sese3
2315 3779 2405 3853 ad
2451 3805 2533 3854 ea
2571 3781 2745 3855 reci-

782 3895 1045 3997 pienda
1096 3895 1389 3994 oppida,
1462 3921 1645 3994 quae
1706 3896 2136 3971 Athamanes
2195 3919 2743 3996 occupaverant,

780 4043 931 4092 uno
974 4014 1259 4116 agmine
1298 4014 1554 4090 ierunt.
1657 4016 1878 4108 Erant
1919 4037 2159 4091 autem
2193 4019 2394 4107 haec,
2445 4017 2746 4118 Aegini-

778 4163 937 4226 um,
992 4133 1421 4223 Ericinium,
1474 4132 1828 4232 Gomphi,
1877 4135 2134 4225 Silana,
2185 4135 2472 4227 Tricca,
2525 4141 2744 4215 Meli-
