3100 5359
759 701 900 800 398
1375 699 2053 776 T.Ltv11’

759 885 920 948 tuni
966 869 1240 948 obfides
1289 869 1579 961 redditi,
1627 887 2019 974 pacemque
2062 897 2235 950 cum
2284 872 2375 949 iis
2417 878 2737 974 populus

759 995 1166 1081 Romanus,
1213 1015 1362 1066 non
1407 994 1498 1068 ab
1556 991 1625 1068 se
1676 1011 1983 1083 tantum,
2032 991 2154 1068 sed
2182 997 2279 1070 ab
2310 1021 2475 1096 rege
2504 997 2725 1072 etiam

757 1111 1142 1202 Mafiniffa,
1211 1111 1595 1212 praestitit,
1646 1111 1779 1211 qui
1844 1133 2001 1188 tum
2053 1115 2394 1214 praesidio
2454 1139 2731 1193 armato

753 1256 1034 1334 agrum,
1083 1229 1216 1331 qui
1247 1231 1326 1307 in
1359 1236 1821 1309 controversia
1850 1255 2021 1324 erat,
2070 1233 2462 1312 obtinebat.

849 1355 1172 1430 XXXV.
1269 1351 1595 1430 Otiosam
1624 1353 2069 1454 provinciam
2102 1353 2419 1432 consules
2450 1359 2727 1434 habue-

749 1493 940 1550 runt.
1035 1475 1156 1549 M.
1187 1473 1516 1563 Baebius,
1585 1473 2047 1552 comitiorum
2110 1477 2339 1552 cauffa
2402 1478 2725 1554 Romam

749 1613 1140 1684 revocatus,
1189 1593 1512 1672 consules
1564 1595 1825 1672 creavit
1878 1599 1973 1671 A.
2006 1595 2459 1672 Postumium
2508 1598 2721 1674 Albi-

747 1741 928 1792 num
973 1711 1290 1791 Luscum
1325 1714 1404 1790 δι
1435 1717 1523 1792 C.
1547 1713 2025 1814 Calpurnium
2056 1715 2413 1792 Pisonem.
2513 1719 2722 1796 Prae-

745 1855 934 1912 tores
983 1835 1247 1912 exinde
1295 1833 1464 1910 facIi
1515 1833 1641 1911 Ti.
1670 1834 2131 1935 Sempronius
2174 1839 2573 1930 Gracchus,
2622 1842 2721 1916 L.

745 1954 1158 2034 Postumius
1189 1953 1529 2044 Albinus,
1578 1957 1663 2030 P.
1696 1955 2073 2030 Cornelius
2106 1959 2545 2050 Mammula,
2592 1961 2719 2038 Ti.

743 2075 1128 2154 Minucius
1161 2073 1615 2164 Molliculus,
1666 2079 1761 2149 A.
1782 2073 2141 2152 Hostilius
2172 2078 2593 2170 Mancinus,
2628 2083 2720 2157 C.

745 2195 1112 2274 Maenius.
1209 2195 1274 2272 Ii
1323 2221 1572 2272 omnes
1614 2195 2099 2298 mag-istratum
2138 2197 2391 2277 Idibus
2430 2201 2723 2277 Martiis

745 2317 1084 2395 inierunt.
1181 2315 1548 2416 Principio
1578 2317 1729 2414 ejus
1760 2316 1955 2406 anni,
1992 2341 2143 2418 quo
2174 2323 2269 2394 A.
2303 2321 2721 2400 Postumius

743 2437 1062 2518 Albinus
1109 2439 1178 2512 δι
1225 2438 1312 2513 C.
1341 2435 1767 2537 Calpurnius
1814 2436 1979 2514 Piso
2028 2439 2351 2516 consules
2392 2439 2716 2534 fuerunt,

739 2562 834 2638 ab
881 2563 978 2634 A.
1011 2555 1381 2635 Postumio
1433 2555 1720 2634 consule
1764 2557 1843 2632 in
1906 2557 2229 2637 senatum:
2284 2560 2711 2654 introducti,

737 2678 872 2780 qui
913 2703 1008 2754 ex
1049 2675 1404 2778 Hispania
1448 2675 1773 2754 citeriore
1820 2701 2157 2756 venerant
2206 2708 2255 2756 a
2306 2686 2423 2784 Q
2442 2683 2711 2759 Fulvio

735 2801 1020 2888 Flacco,
1071 2800 1168 2874 L.
1201 2795 1583 2874 Minucius
1600 2798 1896 2897 legatus,
1926 2801 1997 2874 δι
2029 2801 2181 2876 duo
2212 2799 2483 2877 tribuni
2514 2802 2711 2878 mili-

731 2941 920 3010 tum,
949 2921 1048 2994 T.
1081 2917 1422 2996 Maenius
1445 2922 1512 2994 δι
1541 2921 1637 2994 L.
1662 2918 2043 2996 Terentius
2060 2920 2463 2997 Mafliliota.
2560 2924 2707 3014 Hi,

732 3065 966 3144 quum
981 3039 1134 3114 duo
1153 3039 1460 3116 secunda
1475 3037 1765 3138 proelia,
1786 3038 2229 3116 deditionem
2249 3041 2701 3133 Celtiberiae,

731 3161 1132 3240 confectam
1155 3158 1599 3260 provinciam
1632 3158 2098 3250 nunciassent,
2149 3187 2283 3237 nec
2314 3161 2701 3262 stipendio,

732 3283 938 3384 quod
969 3281 1160 3358 mitti
1193 3279 1460 3371 soleret,
1511 3307 1647 3358 nec
1678 3279 2041 3358 frumento
2066 3297 2347 3380 portato
2374 3285 2472 3358 ad
2498 3309 2701 3360 exer-

729 3403 960 3482 citum
995 3401 1069 3477 in
1095 3425 1268 3478 eum
1289 3425 1565 3478 annum
1586 3425 1771 3501 opus
1802 3403 1965 3491 effe,
1998 3401 2354 3501 petierunt
2378 3408 2473 3480 ab
2502 3403 2699 3481 sena-a

727 3545 810 3600 tu
855 3522 1199 3622 primum,
1251 3531 1306 3568 “
1337 3540 1422 3596 ut
1471 3525 1573 3597 ob
1622 3545 1729 3596 res
1772 3519 2091 3621 prospere
2134 3521 2357 3622 gestas
2389 3523 2555 3600 Diis
2586 3524 2699 3600 im

727 3655 782 3694 “
817 3641 1232 3720 mortalibus
1255 3643 1482 3718 honos
1503 3643 1947 3718 haberetur.''
2044 3641 2356 3733 Deinde,
2404 3653 2458 3690 “
2492 3650 2715 3750 th

727 3775 780 3813 ⁸‘
817 3761 1078 3840 Fulvio
1096 3761 1474 3838 decedenti
1493 3761 1587 3836 de
1606 3759 1973 3862 provincia
1990 3763 2359 3862 deportare
2380 3763 2549 3840 inde
2568 3791 2695 3841 ex-

725 3897 779 3934 “
809 3885 1140 3974 ercitum,
1189 3883 1392 3980 cujus
1433 3880 1600 3958 forti
1648 3907 1861 3982 opera
1903 3884 1974 3957 tc
2014 3881 2257 3981 ipse&
2288 3884 2501 3960 niulti
2528 3906 2695 3962 ante

724 4015 780 4053 ‘⁸
813 4031 984 4084 eum
1034 4023 1382 4105 praetores
1429 4003 1532 4078 ufi
1582 4003 1823 4092 effent,
1872 4001 2138 4079 liceret.
2232 4005 2461 4106 Quod
2506 4004 2695 4095 fieri,

719 4137 770 4174 ‘⁶
803 4143 1292 4228 praeterquam
1323 4121 1524 4226 quod
1564 4121 1665 4198 ita
1696 4123 2015 4213 deberet,
2070 4123 2285 4202 etiam
2310 4149 2531 4225 prope
2563 4151 2693 4200 ne-
