3100 5359
803 709 877 781 L
932 732 959 781 1
1020 732 1062 780 B
1115 730 1160 779 E.
1211 730 1260 779 R
1360 706 1715 780 XXXVI.
2176 727 2265 805 57

291 882 487 957 utad
521 878 970 978 triumphum
1005 880 1199 953 haud
1231 878 1571 966 dubium,
1626 878 2003 967 decedens,
2060 902 2263 952 exer-

294 1003 524 1079 citum
559 998 850 1088 dimifit,
901 1003 970 1073 ὅτ
1005 1000 1230 1074 adesse
1257 1002 1535 1074 Romae
1564 1002 1657 1073 ad
1689 998 1884 1074 diem
1920 995 2266 1096 triumphi

281 1125 502 1221 juffit.
603 1118 785 1219 Ipse,
849 1118 1122 1218 postero
1179 1119 1324 1207 die,
1377 1146 1598 1219 quam
1650 1118 1871 1207 venit,
1922 1118 2159 1192 senatu
2196 1118 2271 1193 in

293 1244 548 1317 aedem
583 1242 911 1315 Bellonae
947 1260 1220 1327 vocat0,
1270 1264 1502 1336 quum
1529 1240 1621 1313 de
1656 1241 1869 1313 rebus
1898 1242 1989 1313 ab
2023 1237 2089 1312 se
2108 1238 2256 1337 ges-

295 1361 388 1437 tis
422 1360 858 1448 differuifl‘et,
909 1357 1311 1459 postulavit,
1361 1379 1445 1433 ut
1491 1359 1613 1434 fibi
1668 1358 2133 1458 triumphanti
2181 1358 2273 1431 li·-

295 1502 487 1558 ceret
543 1480 619 1555 in
678 1483 932 1555 urbem
980 1478 1241 1553 invehi.
1342 1482 1426 1553 P.
1491 1478 1947 1576 Sempronius
1993 1477 2268 1554 Blaesus

297 1600 630 1679 tribunus
694 1600 948 1699 plebis,
1001 1610 1050 1643 “
1088 1625 1233 1673 non
1295 1600 1705 1698 negandum
1752 1597 2095 1698 Scipioni,
2147 1594 2268 1673 se’d

298 1734 351 1768 ‘⁶
387 1722 870 1797 differendum
961 1722 1306 1795 honorem
1399 1719 1819 1820 triumphi,”
1921 1718 2266 1795 censebat.

298 1854 351 1888 “
391 1843 584 1917 Bella
647 1840 1012 1940 Ligurum
1067 1838 1363 1915 Gallicis
1423 1840 1693 1940 semper
1722 1842 1976 1938 juncta
2030 1840 2265 1915 fuiffe:

297 1974 352 2009 “
389 1988 506 2039 eas
537 1962 718 2036 inter
775 1960 842 2035 se
878 1980 1122 2059 gentes
1165 1982 1419 2034 mutua
1483 1987 1575 2034 ex
1636 1961 2043 2060 propinquo
2090 1960 2267 2037 ferre

301 2094 352 2129 “
387 2081 674 2159 auxilia.
775 2080 846 2154 Si
904 2084 984 2155 P.
1013 2078 1283 2179 Scipio,
1333 2079 1630 2155 devictis
1682 2083 1830 2157 acie
1882 2080 2094 2180 Bojis,
2146 2102 2269 2156 aut

299 2216 353 2251 “
389 2204 532 2304 ipse
572 2228 744 2279 cum
792 2199 1058 2275 victore
1105 2202 1422 2277 exercitu
1474 2200 1549 2275 in
1592 2226 1843 2299 agrum
1905 2200 2267 2302 Ligurum

299 2335 352 2371 “
387 2326 738 2413 tranfiffet,
771 2342 894 2397 aut
926 2343 1194 2421 partem
1227 2320 1594 2421 copiarum
1628 2327 1741 2424 Q
1760 2320 2101 2397 Minucio
2131 2320 2267 2397 mi-

301 2458 354 2491 “
391 2448 588 2535 fiffet,
642 2444 770 2543 qui
793 2444 944 2541 jam
980 2442 1268 2519 tertium
1303 2441 1406 2518 ibi
1435 2468 1705 2517 annum
1733 2441 1962 2517 dubio
1995 2442 2266 2518 detine-

301 2576 353 2611 “
388 2589 582 2642 retur
639 2566 854 2653 belle,
906 2562 1240 2638 debellari
1287 2588 1460 2639 cum
1506 2559 1904 2661 Liguribus
1944 2562 2268 2662 potuiss'e.

301 2698 354 2731 “
389 2688 618 2761 Nunc
649 2686 744 2759 ad
776 2683 1224 2782 triumphurn
1277 2682 1879 2781 frequentandum
1921 2686 2275 2759 deductos

301 2818 355 2852 ‘⁶
389 2808 525 2881 effe
556 2804 842 2893 milites,
895 2804 1024 2903 qui
1071 2802 1426 2903 egregiam
1487 2829 1737 2879 navare
1790 2830 2074 2903 operam
2132 2804 2265 2879 rei-

303 2938 355 2971 “
391 2925 722 3025 publicae
777 2924 1202 3023 potuifl'ent:
1255 2924 1526 3023 poffent
1570 2922 1809 3013 etiam,
1862 2928 1909 2998 fi
1969 2924 2266 3014 senatur»,

304 3058 357 3092 “
393 3048 602 3146 quod
629 3043 1072 3122 festinatione
1106 3042 1452 3143 triumphi
1488 3043 2044 3141 praetermiffum
2078 3047 2267 3133 effet,

302 3177 355 3212 “
391 3165 471 3241 id
497 3164 851 3243 restituere
883 3164 1277 3241 differendo
1306 3162 1675 3263 vtriumpho
1717 3166 1947 3239 vellet.
2045 3166 2268 3259 ane-

303 3297 356 3330 “
393 3307 572 3375 rent,
607 3283 968 3361 consulem
995 3310 1164 3361 cum
1195 3283 1599 3383 legionibus
1630 3282 1853 3358 redire
1888 3282 1961 3357 in
1990 3283 2271 3382 provin-

301 3418 354 3451 “
395 3406 618 3493 ciam3
707 3407 872 3481 dare
953 3430 1270 3503 operam,
1323 3424 1406 3478 ut
1469 3403 1775 3503 Ligures
1833 3404 2268 3505 subigantur.

302 3538 356 3572 “
389 3524 550 3601 Nifi
615 3524 720 3599 illi
774 3544 1122 3625 cogantur
1170 3523 1246 3598 in
1285 3524 1402 3620 jus
1448 3523 1960 3624 judiciumque
2016 3524 2267 3623 populi

302 3658 356 3692 “
397 3645 744 3734 Romani,
794 3672 884 3720 ne
939 3645 1144 3741 Bojos
1177 3641 1476 3742 quidem
1522 3642 1921 3740 quieturos:
1974 3664 2098 3719 aut
2148 3672 2271 3743 pa·-

299 3776 355 3812 “
395 3792 584 3855 cem,
629 3786 760 3842 aut
788 3768 1058 3843 bellum
1095 3762 1473 3862 utrobique
1506 3763 1851 3837 habenda.
1950 3763 2287 3841 Devictis'

301 3898 356 3933 “
391 3886 823 3988 Liguribus,
873 3910 1136 3985 paucos
1169 3883 1325 3983 post
1369 3881 1635 3957 menses
1668 3883 2161 3980 proconsulem
2188 3888 2271 3959 P.

299 4020 354 4053 “
389 4005 810 4085 Cornelium
869 4008 1265 4082 multorum
1312 4003 1667 4101 exemplo,
1719 4003 1848 4101 qui
1913 4002 1987 4077 in
2020 4003 2271 4103 magis-

300 4138 356 4172 “
391 4148 574 4204 tratu
597 4152 747 4203 non
765 4125 1405 4227 triumphaverunt,
1441 4120 2043 4225 triumphaturum
2070 4126 2273 4199 effe.'’
