3100 5359
907 756 979 827 L
1032 781 1060 827 1
1121 779 1160 828 B
1219 779 1262 830 a
1321 779 1366 828 R
1469 757 1895 831 XXXVIII.
2257 781 2386 856 197

412 913 664 1002 Attalo
695 927 1056 1002 Cretenses
1084 927 1443 1028 sagittarii,
1480 935 1547 1006 δε
1586 931 2005 1018 funditoreS,
2037 933 2105 1004 &
2132 928 2383 1016 Tralli,

413 1053 486 1124 ὅτ
521 1051 878 1124 Thraces:
931 1052 1121 1147 {ig-na
1169 1050 1527 1147 pediturn,
1583 1073 1665 1124 ut
1700 1076 1823 1148 per
1853 1051 2185 1138 arduum,
2238 1047 2380 1123 leni

411 1171 638 1269 gradu
699 1170 1089 1256 ducuntur,
1145 1169 1242 1242 ita
1289 1196 1448 1268 prae
1495 1169 1563 1244 se
1593 1168 2010 1245 habentium
2046 1170 2263 1257 scuta,
2300 1186 2383 1242 ut

409 1289 688 1364 miffilia
737 1309 1016 1361 tantum
1065 1287 1392 1377 vitarent,
1450 1291 1631 1388 pede
1672 1291 1958 1363 conlato
2004 1315 2147 1361 non
2181 1287 2380 1363 vide-

409 1431 654 1484 rentur
713 1407 1120 1507 pugnaturi.
1247 1409 1634 1485 Miffilibus
1676 1436 1766 1482 ex
1820 1409 2181 1483 intervallo
2239 1407 2381 1483 loci

407 1530 766 1628 proelium
812 1528 1264 1602 commissum
1311 1527 1435 1618 est,
1491 1529 1723 1626 primo
1757 1555 1904 1628 par,
1944 1531 2186 1602 Gallos
2218 1529 2381 1604 loco

409 1651 817 1745 adjuvante,
888 1651 1257 1722 Romanos
1316 1647 1641 1722 varietate
1698 1653 1763 1722 &
1814 1647 2017 1746 copia
2054 1649 2379 1722 telorum.

411 1771 853 1844 Procedente
887 1767 1292 1855 certamine,
1323 1767 1500 1842 nihil
1520 1768 1672 1863 jam
1705 1767 1915 1866 aequi
1941 1789 2106 1842 erat.
2170 1770 2384 1841 Scuta

411 1891 656 1988 longa,
687 1911 999 1963 ceterum
1027 1889 1119 1963 ad
1141 1887 1689 1985 amplitudinem
1724 1913 2101 1986 corporum
2130 1911 2380 1985 parum

411 2013 580 2097 lata,
617 2013 684 2083 δε
720 2035 800 2082 ea
834 2007 976 2106 ipsa
1008 2010 1234 2106 plana,
1272 2009 1453 2080 male
1487 2011 1818 2106 tegebant
1854 2009 2117 2081 Gallos‚
2224 2008 2381 2080 Nec

397 2131 558 2226 jam
602 2130 737 2201 tela
781 2127 912 2201 alia
944 2129 1322 2215 habebant,
1377 2149 1643 2224 praeter
1675 2126 1987 2226 gladios:
2040 2150 2377 2223 quorum,

411 2272 648 2346 quum
704 2271 996 2322 manum
1049 2245 1264 2320 hostis
1311 2271 1454 2318 non
1491 2245 1901 2335 consereret,
1949 2248 2185 2319 nullus
2214 2243 2380 2318 usus

411 2389 583 2444 erat.
683 2365 906 2454 Saxis»,
969 2392 1100 2440 nec
1155 2364 1483 2454 modiciS,
1539 2387 1622 2438 ut
1666 2391 1850 2463 quae
1896 2392 2041 2438 non
2096 2390 2379 2463 praepa-

412 2490 690 2574 raffent,
727 2484 845 2559 sed
875 2487 1076 2584 quod
1111 2484 1374 2582 cuique
1410 2505 1671 2558 temere
1701 2483 2077 2584 trepidanti
2107 2485 2197 2558 ad
2234 2509 2379 2558 ma-

413 2631 596 2680 num
616 2603 929 2692 venisset,
965 2625 1046 2678 ut
1074 2602 1356 2691 insueti,
1392 2631 1523 2678 nec
1556 2626 1696 2678 arte
1719 2629 1849 2678 nec
1883 2602 2154 2678 viribus
2182 2603 2381 2699 adju-

411 2745 656 2801 vantes
691 2724 940 2811 istum,
971 2727 1373 2799 utebantur.
1472 2723 1784 2823 Sagittis,
1820 2723 2104 2822 glande,
2128 2722 2383 2818 jaculis

416 2843 686 2920 incauti
738 2845 828 2918 ab
878 2843 1077 2916 omni
1123 2864 1312 2940 parte
1366 2845 1945 2941 configebantur:
2000 2869 2159 2928 nee,
2195 2840 2379 2940 quid

411 2985 726 3064 agerent,
765 2961 862 3036 ira
883 2967 949 3035 ὅτ
970 2989 1224 3060 pavore
1245 2962 1638 3036 obcaecatis
1659 2961 1938 3051 animiS,
1964 2964 2377 3037 cernebant:

415 3090 486 3159 &
519 3104 712 3156 erant
741 3081 1151 3181 deprehensi
1187 3107 1444 3179 genere
1469 3107 1779 3180 pugnae,
1825 3083 1897 3154 in
1936 3084 2135 3180 quod
2165 3081 2378 3156 mini-

411 3230 531 3280 me
584 3201 731 3300 apti
785 3202 964 3276 sunt.
1098 3203 1290 3274 Nam
1351 3203 1971 3298 quemadmodum
2026 3200 2379 3292 cominu&

411 3325 545 3401 ubi
596 3325 670 3396 in
722 3321 952 3396 vicem
988 3319 1133 3419 pati
1168 3324 1238 3393 ὅτ
1274 3319 1527 3394 inferre
1561 3322 1852 3395 vulnera
1884 3319 2077 3407 licet,
2129 3345 2377 3395 accen-

411 3444 522 3518 dit
555 3443 655 3516 ira
687 3441 959 3516 animos
993 3465 1286 3526 eorum3
1342 3439 1461 3527 ita,
1507 3441 1637 3515 ubi
1673 3465 1762 3514 ex
1796 3443 2081 3514 occulto
2117 3443 2185 3514 &
2216 3467 2379 3540 pro-

415 3569 531 3640 cul
565 3563 839 3638 levibus
871 3559 1022 3634 telis
1054 3561 1535 3648 vulnerantur,
1572 3585 1730 3648 nec,
1750 3575 1911 3658 ‘quo
1930 3582 2137 3634 ruant
2165 3587 2376 3636 caeco

415 3686 694 3785 inpetu,
730 3685 1015 3766 habent,
1049 3679 1246 3753 velut
1273 3677 1454 3754 ferae
1475 3681 1843 3754 transfixae
1872 3679 1945 3754 in
1973 3679 2129 3754 suos
2156 3702 2375 3755 teme-

405 3831 474 3881 re
492 3805 885 3879 incurrunt.
934 3800 1329 3898 Detegebat
1353 3801 1645 3874 vulnera
1663 3825 1938 3886 eorum,
1963 3801 2162 3898 quod
2185 3799 2365 3874 nudi

417 3943 768 4024 pugnant,
793 3925 858 3994 δι
881 3919 1042 3994 sunt
1073 3917 1223 3992 fusa
1261 3923 1328 3992 ὅτ
1371 3917 1676 3993 candida
1706 3945 2021 4018 corpora,
2068 3939 2153 3991 ut
2194 3943 2375 4018 quae

420 4069 850 4141 numquam,
895 4041 1016 4113 nifi
1045 4037 1118 4112 in
1149 4063 1416 4137 pugna,
1488 4040 1883 4114 nudentur:
1966 4039 2062 4114 ita
2098 4037 2172 4110 &
2216 4041 2377 4136 plus

419 4161 772 4263 sanguinis
807 4188 846 4234 e
875 4161 1100 4234 multa
1145 4183 1348 4233 carne
1387 4156 1844 4249 fundebatur,
1904 4165 1973 4234 &
2027 4158 2375 4234 foediores
