3100 5359
815 712 892 785 L
942 734 972 785 1
1031 734 1074 785 n
1131 734 1178 787 E
1231 734 1281 787 R
1383 710 1741 790 XXXVI.
2206 744 2297 811 41

329 888 590 965 Lamia
619 910 853 987 quum
885 890 1106 986 pofita
1129 888 1230 963 est
1255 888 1331 963 in
1383 892 1697 980 tumu10,
1750 910 1909 966 tum
1944 890 2307 991 regionem

329 1034 412 1085 ea
453 1007 770 1085 maxime
803 1007 1159 1106 despectat
1209 1010 1603 1109 oppidum,
1670 1036 1817 1109 qua
1848 1015 2058 1087 breve
2094 1012 2305 1089 inter-

327 1131 596 1205 vallum
677 1128 990 1217 videtur,
1073 1131 1149 1203 δε
1212 1129 1454 1205 omnia
1517 1130 1595 1205 in
1654 1130 2029 1231 conspectu
2106 1132 2304 1221 sunt3

329 1274 564 1349 quum
595 1247 808 1337 enise,
859 1251 1057 1325 velut
1113 1251 1472 1350 propofito
1524 1250 1933 1340 certamine,
1988 1253 2309 1329 Romani

334 1369 916 1468 Macedonesque
981 1370 1178 1445 diem
1224 1398 1306 1446 ac
1365 1376 1651 1447 noctem
1687 1394 1811 1446 aut
1836 1371 1912 1446 in
1945 1372 2307 1472 operibuS,

333 1511 457 1565 aut
481 1492 556 1565 in
592 1490 875 1590 proeliis
907 1490 1151 1579 ostent,
1218 1492 1356 1567 hoc
1386 1494 1609 1590 major
1641 1493 2021 1567 difficultas
2058 1495 2307 1568 Mace-

331 1610 646 1686 donibus
673 1631 844 1699 erat,
897 1614 1100 1711 quod
1157 1613 1474 1687 Romani
1517 1636 1771 1713 aggere
1804 1607 1947 1687 &f
1934 1611 2186 1702 vineis,
2238 1616 2309 1688 ὅτ

331 1729 672 1805 omnibus
696 1729 904 1830 supra
924 1752 1174 1807 terram
1195 1732 1559 1830 operibus,
1595 1733 1839 1809 subtus
1870 1736 2309 1809 Macedones

329 1850 684 1927 cuniculis
745 1856 1302 1953 obpugnabant=
1357 1857 1425 1927 &
1494 1853 1571 1927 in
1602 1852 1853 1953 asperis
1908 1853 2085 1931 locis
2142 1854 2309 1928 filex

330 1970 530 2070 saepe
565 1971 1092 2070 inpenetrabilis
1125 1971 1308 2046 ferro
1341 1975 1787 2049 obcurrebat.
1892 1978 2014 2063 Et,
2066 1998 2303 2073 quum

333 2114 592 2191 parum
623 2096 1032 2190 procederet
1085 2091 1484 2191 inceptum,
1536 2118 1664 2193 per
1696 2093 2081 2194 conloquia
2113 2094 2305 2194 prin-

331 2214 582 2312 cipum
607 2212 1004 2312 oppidanos
1023 2216 1336 2289 tentabat
1361 2238 1510 2303 rex,
1544 2234 1629 2289 ut
1652 2217 1906 2289 urbem
1930 2216 2267 2290 dederent
2280 2246 2304 2302 ς

333 2335 528 2407 haud
562 2332 857 2421 dubius,
910 2332 1120 2432 quin,
1169 2336 1216 2407 fi
1246 2334 1444 2432 prius
1477 2336 1833 2411 Heraclea
1882 2352 2083 2432 capta
2108 2330 2313 2423 foret,

336 2453 687 2529 Romanis
725 2453 794 2528 se
849 2452 1114 2551 potius,
1177 2478 1398 2553 quam
1463 2454 1619 2544 fibi,
1704 2453 2019 2532 dedituri
2064 2452 2307 2543 effent,

335 2575 676 2673 suamque
727 2572 1024 2673 gratiam
1075 2574 1322 2649 consul
1375 2574 1450 2649 in
1517 2575 1883 2651 obsidione
1942 2574 2307 2651 liberanda

332 2695 642 2771 fac-turus
707 2690 896 2769 esset.
1016 2696 1177 2770 Nec
1239 2720 1407 2772 eum
1475 2695 1724 2795 opinio
1784 2696 1885 2771 est
1949 2692 2304 2771 frustratae

335 2814 708 2893 confestim
741 2814 938 2891 enim
981 2817 1074 2891 ab
1121 2817 1474 2891 Heraclea
1503 2837 1711 2914 capta
1740 2813 2051 2891 nuncius
2080 2814 2305 2903 venit,

335 2958 420 3013 ut
475 2936 1016 3036 obpugnatione
1067 2936 1444 3011 abfisteretz
1499 2946 1552 2980 ‘⁶
1586 2934 1885 3035 aequius
1936 2936 2097 3026 effe,
2148 2940 2307 3011 Ro-

337 3068 390 3103 “
423 3082 674 3133 manos
693 3055 982 3147 milites,
1029 3055 1157 3156 qui
1177 3056 1326 3133 acie
1347 3056 1789 3132 dimicafl‘ent
1812 3080 1985 3132 cum
2004 3056 2307 3145 AetoliS,

337 3188 390 3223 ‘⁴
425 3177 736 3278 praemia
761 3176 1096 3253 vic'toriae
1115 3178 1444 3253 habere.'’
1539 3178 1651 3251 Ita
1676 3174 2017 3251 receffum
2044 3179 2139 3253 ab
2162 3180 2307 3253 La-

337 3298 482 3374 mia
511 3296 636 3388 est,
690 3300 759 3372 &
819 3295 1266 3397 propinquae
1297 3298 1497 3373 clade
1529 3296 1731 3373 urbis
1766 3295 1919 3397 ipsi,
1974 3322 2063 3372 ne
2122 3296 2304 3397 quid

339 3420 557 3495 {imile
605 3436 1036 3517 paterentur,
1085 3418 1508 3517 effiigerunt.
1693 3402 1697 3407 ’

435 3540 716 3615 XXVI.
817 3536 1101 3627 Paucis,
1165 3536 1579 3637 priusquam
1639 3540 1991 3613 Heraclea
2022 3560 2303 3637 capere·

343 3676 482 3749 tur,
545 3659 828 3749 diebus,
891 3656 1162 3749 Aetoli,
1239 3656 1550 3735 concilio
1609 3660 1982 3759 Hypatam
2033 3660 2306 3748 coacto,

337 3782 602 3880 legatos
654 3782 749 3856 ad
803 3778 1255 3855 Antiochum
1321 3777 1693 3855 miserunt=
1746 3778 1930 3854 inter
1988 3800 2173 3877 quos
2236 3782 2307 3854 δι

335 3902 582 3977 Thoas
633 3900 859 3989 idem,
929 3899 1060 4001 qui
1119 3918 1347 3989 antea,
1417 3898 1659 3974 miffus
1721 3898 1845 3974 est.
1960 3900 2310 3975 Mandata

339 4042 559 4110 erant,
625 4043 710 4096 ut
751 4024 844 4096 ab
873 4044 1038 4120 rege
1071 4039 1407 4119 peterent,
1458 4018 1802 4118 primum,
1852 4040 1937 4093 ut
1970 4018 2137 4118 ipse,
2186 4042 2306 4095 co·

339 4140 508 4217 afiis
573 4140 806 4217 rursus
863 4139 1294 4216 terrestribus
1360 4139 1863 4240 navalibusque
1914 4140 2167 4239 copiis,
2228 4138 2305 4214 in
