3100 5359
741 679 888 772 408
1393 671 2041 750 T.L1vrt

745 851 1067 927 Romam
1093 848 1196 926 est
1218 847 1602 950 profectus.
1684 846 2145 950 Sempronius
2170 845 2247 924 in
2264 841 2723 926 Celtiberiam

745 970 1062 1074 legiones
1094 969 1332 1047 duxit.

845 1093 1054 1170 XLI.
1153 1090 1496 1168 Consules
1541 1089 1759 1168 ambo
1794 1089 1872 1166 in
1899 1089 2209 1191 Ligures
2234 1089 2585 1168 exereitus
2614 1089 2725 1169 in-

744 1213 1114 1288 duxerunt
1171 1213 1454 1288 diverfis
1505 1210 1849 1312 partibus.
1946 1211 2358 1291 Postumius
2386 1211 2621 1313 prima
2648 1216 2723 1287 δε

741 1331 947 1410 tertia
1001 1332 1286 1434 legione
1343 1331 1675 1409 Balistam
1728 1323 2393 1434 Suismontiumque
2438 1354 2725 1410 montes

738 1453 1058 1533 obsedit:
1111 1458 1208 1544 δι,
1259 1455 1658 1553 premendo
1704 1452 2059 1553 praesidiis
2117 1453 2451 1555 angustos
2512 1453 2726 1532 saltus

741 1601 1022 1667 eorum,
1056 1595 1498 1651 commeatus
1523 1575 1935 1664 interclufit,
1968 1572 2357 1675 inopiaque
2386 1576 2724 1652 omnium

735 1723 976 1773 rerum
1002 1719 1122 1772 eos
1147 1694 1582 1794 perdomuit.
1686 1688 2010 1786 Fulvius,
2041 1693 2436 1772 secunda&
2470 1715 2723 1796 quarta

735 1815 1022 1919 legione
1067 1817 1354 1893 adortus
1383 1842 1428 1891 a
1459 1813 1633 1892 Pifis
1669 1821 2014 1915 Apuanos
2046 1814 2385 1918 Ligures,
2434 1816 2563 1916 qui
2598 1841 2719 1892 eo-

737 1961 904 2014 rum
932 1937 1121 2013 circa
1141 1939 1469 2014 Macram
1499 1935 1808 2012 fluvium
1836 1936 2270 2026 incolebant,
2300 1936 2378 2012 in
2409 1936 2718 2013 deditio·

733 2082 904 2134 nem
935 2078 1290 2157 acceptos,
1321 2058 1415 2132 ad
1446 2054 1712 2156 septem
1741 2057 1967 2132 millia
1990 2058 2373 2150 hominum
2402 2054 2479 2132 in
2504 2081 2719 2133 naves

729 2176 1094 2278 inpofitos,
1143 2197 1417 2276 praeter
1465 2185 1663 2252 oram
1718 2175 2001 2253 Etrusci
2056 2179 2267 2254 maris
2322 2178 2716 2278 Neapolim

729 2296 1122 2374 transmisit.
1221 2298 1404 2373 Inde
1460 2295 1536 2372 in
1590 2293 1963 2372 Samnium
2014 2295 2349 2388 traducti,
2400 2323 2717 2400 agerque

727 2417 843 2496 his
875 2417 1062 2494 inter
1085 2418 1458 2518 populares
1485 2417 1695 2492 datus
1726 2417 1848 2492 est.
1924 2419 2451 2495 Montanorum
2477 2418 2715 2520 Ligu-

727 2565 892 2617 rum
944 2543 1035 2615 ab
1083 2539 1178 2614 A.
1205 2537 1577 2614 Postumio
1614 2537 1863 2614 vineae
1900 2539 2159 2630 caesae,
2212 2537 2715 2640 frumentaque

727 2657 1010 2736 deusta=
1063 2659 1295 2734 donec
1355 2657 1681 2735 cladibus
1728 2657 2068 2735 omnibus
2126 2658 2297 2735 belli
2351 2658 2583 2736 coacti
2633 2659 2713 2734 in

723 2777 1170 2856 deditionem
1203 2799 1578 2868 venerunt,
1626 2802 1965 2879 armaque
1990 2779 2455 2856 tradiderunt.
2553 2782 2708 2854 Na-

723 2899 938 2978 vibus
961 2897 1133 2977 inde
1166 2897 1578 2976 Postumius
1608 2901 1705 2975 ad
1726 2897 2087 2974 visendam
2116 2925 2315 2975 oram
2347 2902 2707 3000 Ingauno-

723 3045 890 3099 rum
918 3018 1603 3121 Intemeliorumque
1636 3019 1997 3119 Ligurum
2028 3023 2370 3120 proceffit.
2470 3018 2707 3097 Prius-

723 3165 950 3241 quam
991 3140 1070 3216 hi
1113 3137 1435 3218 consules
1465 3139 1791 3218 venirent
1820 3141 1911 3216 ad
1945 3140 2367 3232 exercitum,
2420 3142 2547 3242 qui
2582 3143 2707 3217 Pi-

722 3261 825 3338 sas
859 3262 1176 3338 indictus
1207 3281 1378 3352 erat,
1426 3281 1790 3362 praeerant
1816 3265 1913 3338 A.
1948 3261 2357 3338 Postumius
2388 3263 2466 3336 ὅτ
2494 3261 2707 3340 frater

721 3379 1094 3486 QFulvii
1133 3383 1252 3458 M.
1287 3381 1589 3458 Fulvius
1620 3381 1980 3459 Nobilior.
2084 3383 2452 3459 Secundae
2482 3382 2707 3484 legio-

717 3501 833 3580 nis
877 3503 1179 3579 Fulvius
1217 3501 1549 3580 tribunus
1592 3501 1911 3579 militum
1958 3521 2124 3578 erat.
2223 3504 2293 3578 Is
2344 3506 2703 3582 menfibus

718 3621 862 3698 suis
911 3621 1176 3698 dimifit
1225 3623 1613 3724 legionem,
1650 3623 2113 3722 jurejurando
2152 3622 2417 3700 adactis
2448 3645 2703 3700 centu·

719 3742 1068 3833 tionibus„
1096 3768 1210 3818 aes
1242 3743 1320 3817 in
1351 3742 1695 3823 aerarium
1721 3743 1813 3818 ad
1840 3743 2236 3841 quaestores
2262 3745 2395 3820 effe
2420 3741 2699 3821 ‘delatu-

716 3889 854 3941 ros.
951 3865 1129 3940 Hoc
1159 3863 1288 3940 ubi
1321 3863 1758 3941 Placentiam
1796 3869 1995 3962 (nam
2026 3891 2115 3941 eo
2140 3865 2321 3940 forte
2352 3883 2499 3939 erat
2534 3889 2703 3964 pro·

717 3985 975 4080 festus)
1019 3985 1218 4061 Aulo
1245 3983 1669 4060 nunciatum
1696 3983 1823 4074 est,
1874 4011 2047 4060 cum
2075 3985 2445 4084 equitibus
2478 4009 2698 4084 expe·

715 4103 887 4184 ditis
917 4104 1196 4184 secutus
1222 4103 1563 4196 dimifl‘os‚
1614 4129 1799 4206 quos
1830 4131 2077 4183 eorum
2102 4105 2347 4207 potuit
2372 4103 2695 4206 adsequi,
