3100 5359
896 713 971 786 L
1022 739 1050 787 1
1110 738 1149 788 B
1208 739 1253 788 E
1309 739 1356 788 R
1457 715 1817 791 XXXVI.
2217 659 2329 818 ‘39

463 885 745 961 XXIV.
846 885 1139 974 Consul,
1204 911 1437 985 quum
1490 891 1698 964 nocte
1731 888 1970 964 media
2013 887 2328 966 intermi-

358 1010 535 1084 sifl'et
570 1005 1217 1106 obpugnationem,
1253 1029 1504 1106 quarta
1536 1008 1782 1106 vigilia
1814 1009 2046 1084 rursus
2079 1014 2168 1085 ab
2203 1010 2326 1084 tri-

360 1130 501 1202 bus
558 1126 876 1227 partibus
932 1126 1207 1202 summa
1269 1126 1342 1202 vi
1408 1129 1787 1225 adgreffuS,
1841 1130 1930 1202 ab
1995 1156 2142 1204 una
2203 1129 2327 1205 Ti.

360 1245 871 1344 Sempronium
892 1267 1123 1322 tenere
1145 1245 1451 1322 intentos
1477 1246 1736 1322 milites
1757 1247 2181 1347 lignumque
2203 1274 2326 1322 ex-

364 1365 751 1466 spectantes
773 1367 993 1462 juflit,
1028 1368 1120 1442 ad
1146 1393 1229 1442 ea
1253 1366 1330 1442 in
1363 1369 1714 1443 nocturno
1743 1368 2090 1456 tumultu,
2125 1371 2323 1444 unde

363 1487 633 1562 clamor
663 1485 1145 1576 exaudiretur,
1190 1489 1387 1566 haud
1421 1487 1642 1562 dubie
1677 1509 1864 1562 ratus
1891 1487 2118 1562 hostes
2143 1513 2316 1562 con-

361 1607 709 1684 cursuros.
794 1605 1035 1682 Aetoli
1096 1633 1253 1704 pars
1312 1606 1519 1705 sopiti
1575 1607 1852 1682 adfecta
1942 1607 2181 1682 labore
2242 1634 2324 1684 ac

360 1726 627 1827 vigiliis
654 1752 947 1826 corpora
978 1752 1069 1801 ex
1103 1725 1351 1801 somno
1383 1727 1894 1802 moliebantur:
1951 1753 2106 1824 pars
2138 1726 2322 1828 vigi-

356 1850 581 1922 lantes
608 1848 847 1922 adhuc
880 1847 973 1922 ad
1004 1845 1371 1946 strepitum
1392 1846 1874 1948 pugnantium
1910 1845 1984 1920 in
2020 1847 2324 1924 tenebris

358 1986 674 2045 currunt.
724 1965 991 2042 Hostes
1048 1965 1304 2064 partim
1362 1993 1488 2064 per
1518 1967 1754 2042 ruinas
1802 1966 2099 2063 jacentis
2133 1967 2322 2043 muri

356 2086 844 2162 transcendere
910 2108 1290 2162 conantur:
1376 2086 1634 2185 partim
1695 2087 1890 2162 scalis
1955 2084 2322 2162 adscensus

354 2227 655 2282 tentant.
754 2205 1115 2282 Adversus
1150 2233 1335 2304 quos
1366 2207 1695 2306 undique
1724 2207 1818 2281 ad
1850 2232 2063 2304 opem
2097 2206 2317 2282 feren-

356 2328 526 2402 dam
559 2329 958 2401 obcurrunt
992 2325 1257 2401 Aetoli.
1342 2329 1509 2400 Pars
1535 2351 1706 2415 una,
1733 2325 1810 2400 in
1840 2351 1983 2424 qua
2000 2326 2324 2404 aedificia

355 2468 553 2522 extra
584 2449 841 2521 urbem
876 2467 1096 2534 erant,
1151 2469 1385 2543 neque
1446 2443 1879 2535 defenditur,
1915 2472 2152 2545 neque
2189 2452 2316 2524 ob·-

350 2587 751 2666 pugnatur:
805 2565 950 2654 sed,
1013 2565 1142 2664 qui
1176 2568 1699 2664 obpugnarent,
1760 2564 2014 2648 intenti
2041 2565 2322 2668 fignum

356 2686 850 2788 exspectabant
862 2719 886 2774 3
941 2684 1261 2760 defensor
1308 2711 1521 2760 nemo
1567 2687 1825 2763 aderat.
1929 2688 2096 2780 Jam
2130 2686 2320 2762 dilu-

352 2805 697 2895 cescebat,
722 2829 955 2904 quum
989 2806 1273 2904 fignum
1302 2803 1544 2883 consul
1573 2805 1808 2880 dedit:
1861 2805 1936 2882 &
1973 2809 2111 2880 fine
2165 2810 2314 2882 ullo

354 2924 738 3002 certamine
771 2924 1027 3025 partim
1060 2951 1186 3022 per
1218 2923 1571 3014 semiruta,
1607 2924 1863 3023 partim
1911 2925 2105 3001 scalis
2141 2925 2318 3002 inte-

348 3075 512 3148 gros
560 3071 806 3122 muros
848 3043 1357 3120 transcendere.
1458 3044 1687 3120 Simul
1739 3047 2030 3133 clamor,
2092 3044 2308 3120 index

353 3166 543 3267 capti
577 3164 856 3266 oppidi,
914 3165 1013 3240 est
1042 3164 1445 3253 exauditus,
1504 3163 1834 3263 undique
1869 3163 2138 3253 Aetoli,
2193 3168 2316 3241 de-

348 3287 543 3364 sertis
602 3285 1047 3373 stationibus,
1106 3284 1183 3359 in
1240 3311 1473 3360 arcem
1520 3283 1834 3384 fugiunt.
1936 3284 2317 3384 Oppidum

348 3407 653 3484 victores
684 3405 1015 3506 permiffu
1051 3403 1354 3480 consulis
1387 3403 1775 3502 diripiunt,
1840 3431 1984 3479 non
2032 3426 2178 3482 tam
2223 3411 2315 3482 ab

350 3527 478 3617 ira,
538 3553 675 3604 nec
709 3530 799 3602 ab
832 3525 1031 3615 odi0,
1079 3549 1295 3624 quam
1328 3546 1412 3599 ut
1444 3523 1674 3612 miles,
1728 3525 2077 3603 coercitus
2098 3526 2176 3602 in
2209 3548 2317 3604 tot

348 3647 651 3748 receptis
680 3673 770 3720 ex
804 3644 1139 3744 potestate
1177 3643 1490 3719 hostium
1527 3643 1856 3734 urbibus,
1887 3645 2130 3744 aliquo
2164 3667 2314 3724 tan-

348 3771 521 3844 dem
552 3770 718 3842 loco
768 3765 1083 3840 fructum
1115 3763 1448 3839 victoriae
1500 3761 1807 3838 sentiret.
1907 3767 2314 3844 Revocatos

344 3889 518 3964 inde
550 3913 597 3962 a
626 3885 871 3962 medio
904 3884 1121 3960 ferme
1155 3882 1274 3958 die
1308 3881 1570 3958 milites
1597 3909 1830 3982 quum
1863 3882 1940 3958 in
1978 3887 2152 3961 duas
2186 3888 2296 3963 di-

344 4008 601 4085 vififl‘et
633 4027 890 4105 parteS,
944 4029 1163 4078 unam
1214 4001 1576 4079 radicibus
1614 4003 1970 4080 montium
2005 4003 2310 4082 circum-

348 4127 523 4208 duci
582 4129 679 4204 ad
723 4151 979 4228 rupem
1016 4126 1233 4222 juffit,
1305 4148 1515 4222 quae,
1577 4123 1856 4225 fastigio
1914 4125 2308 4207 altitudinis
