3100 5359
820 752 957 819 114
1490 724 2118 797 T.L1v11

816 898 1309 974 confeffionem
1346 898 1638 970 conceffi
1675 894 1880 969 maris
1925 893 2252 969 ultimam
2283 891 2470 967 hosti
2504 895 2781 991 expres-

814 1019 1014 1105 fiffet,
1046 1015 1339 1103 Chium,
1392 1042 1540 1114 quo
1571 1038 1730 1090 ante
1763 1016 2004 1089 navale
2035 1012 2388 1111 proelium
2421 1012 2708 1089 cursum
2743 1041 2787 1087 a

817 1142 1025 1212 Samo
1072 1138 1487 1223 intenderat,
1545 1135 1847 1233 navigat.
1947 1133 2059 1209 Ibi
2119 1159 2328 1207 naves
2368 1133 2441 1206 in
2509 1134 2782 1232 proelio

817 1261 1151 1356 quaffatas
1200 1282 1428 1354 quum
1482 1254 1841 1342 refecisset,
1887 1255 1979 1328 L.
2002 1252 2398 1329 Aemilium
2431 1257 2782 1329 Scaurum

819 1402 987 1451 cum
1017 1376 1299 1475 triginta
1332 1374 1626 1449 navibus
1677 1373 2224 1472 Hellespontum
2258 1376 2350 1446 ad
2383 1373 2780 1448 exercitum

814 1496 1303 1593 trajiciendum
1340 1496 1517 1569 misit
1546 1503 1567 1567 ε’
1599 1493 1947 1580 Rhodias,
1987 1516 2176 1591 parte
2197 1495 2494 1591 praedae
2521 1494 2600 1565 &
2626 1495 2782 1591 spo-

820 1615 931 1689 liis
996 1614 1357 1689 navalibus
1407 1617 1791 1701 decorata5‚
1887 1614 2188 1686 domum
2265 1613 2488 1687 redire
2540 1614 2777 1709 jubet.

820 1734 1095 1809 Rhodii
1132 1734 1402 1833 inpigre
1439 1740 1890 1830 praevertere,
1933 1734 2020 1805 ad
2055 1731 2628 1831 trajiciendasque
2654 1758 2778 1807 co-

819 1855 964 1951 pias
1000 1853 1299 1929 consulis
1336 1854 1514 1927 iere:
1551 1877 1788 1950 atque,
1825 1878 1910 1925 eo
1941 1878 2232 1951 quoque
2257 1851 2488 1927 functi
2508 1850 2776 1941 officio,

816 1958 973 2047 tum
1026 1976 1322 2047 demum
1370 1974 1723 2045 Rhodum
1771 1970 2058 2045 rediere.
2159 1974 2394 2046 Claflis
2443 1974 2780 2045 Romana

816 2098 905 2167 ab
939 2092 1125 2167 Chio
1158 2094 1551 2166 Phocaeam
1588 2091 1873 2187 trajecit.
1971 2094 2058 2165 In
2093 2095 2237 2164 finu
2275 2090 2481 2165 maris
2517 2089 2777 2165 intimo

814 2216 1029 2310 pofita
1059 2216 1227 2286 haec
1260 2214 1428 2285 urbs
1462 2211 1586 2297 est,
1620 2212 1928 2310 oblonga
1961 2210 2206 2285 forma.
2307 2214 2562 2285 Duum
2611 2210 2776 2284 mil-

813 2331 995 2405 lium
1047 2336 1113 2405 &
1168 2331 1722 2429 quingentorum
1788 2333 2111 2429 paffuum
2169 2330 2471 2428 spatium
2524 2356 2775 2405 murus

814 2452 1297 2551 amplectitur:
1348 2457 1492 2524 co'1't
1524 2450 1784 2523 deinde
1819 2476 1906 2523 ex
1923 2472 2224 2548 utraque
2245 2471 2435 2547 parte
2459 2448 2538 2523 in
2563 2448 2776 2524 artio-

814 2598 962 2645 rem
983 2574 1177 2645 velut
1198 2596 1536 2657 cuneum,
1575 2572 1956 2666 Lamptera
1973 2569 2095 2666 ipsi
2115 2571 2490 2668 adpellant.
2591 2570 2774 2643 Mil-

812 2695 877 2765 le
911 2696 975 2764 &
1015 2692 1357 2764 ducentos
1376 2692 1601 2785 paffus
1629 2688 1730 2762 ibi
1767 2688 2066 2761 latitudo
2095 2710 2315 2786 patet:
2368 2688 2537 2763 inde
2565 2688 2642 2763 in
2670 2692 2772 2763 al·-

814 2834 970 2887 tum
1006 2810 1252 2907 lingua
1286 2808 1475 2881 mille
1508 2810 1830 2905 passuum
1861 2833 2232 2881 excurrens
2267 2808 2591 2884 medium
2626 2808 2774 2882 fere

814 2929 1043 3002 finum
1070 2930 1265 3003 velut
1293 2950 1457 3001 nota
1482 2927 1891 3026 distinguit3
1931 2927 2060 3001 ubi
2093 2930 2418 3002 cohaeret
2447 2928 2776 3003 faucibus

814 3047 1147 3147 angustis,
1212 3049 1391 3121 duos
1420 3046 1492 3119 in
1526 3068 1904 3144 utramque
1931 3047 2295 3147 regionem
2348 3048 2572 3123 versos
2605 3073 2770 3146 por-

815 3190 929 3243 tus
962 3166 1326 3243 tutiffimos
1354 3170 1586 3241 habet.
1685 3167 1837 3267 Qi
1873 3167 1948 3241 in
1974 3167 2344 3242 meridiem
2370 3168 2620 3268 vergit,
2679 3172 2774 3243 ab

815 3313 887 3362 re
965 3289 1319 3383 adpellant
1383 3286 1931 3375 Naustathmon,
1988 3287 2160 3385 quia
2209 3272 2572 3388 ingentem
2624 3287 2780 3363 vim

815 3407 1104 3481 navium
1140 3406 1361 3505 capit:
1397 3408 1566 3481 alter
1599 3433 1816 3506 prope
1839 3406 2065 3505 ipsum
2094 3410 2476 3507 Lamptera
2502 3408 2623 3482 est.

911 3527 1227 3600 XXXII.
1328 3528 1489 3600 Hos
1519 3548 1762 3624 portus
1791 3526 2155 3601 tutiffimos
2177 3552 2406 3625 quum
2439 3528 2774 3627 occupas-

811 3648 909 3721 set
942 3650 1272 3720 Romana
1305 3648 1565 3733 claffis3
1602 3644 2010 3744 priusquam
2042 3668 2166 3721 aut
2196 3646 2416 3734 scalis,
2448 3668 2569 3721 aut
2601 3672 2774 3745 ope-

812 3767 1031 3854 ribu5‚
1122 3765 1403 3839 moenia
1452 3767 1975 3864 adgrederetur,
2057 3766 2443 3842 mittendos
2501 3767 2776 3842 censuit

810 3908 1109 3985 praetor,
1146 3886 1271 3983 qui
1329 3884 1735 3983 principum
1787 3884 2464 3984 magistratuumque
2497 3888 2775 3961 animos

810 4026 1175 4080 tentarent.
1276 4004 1660 4101 Postquam
1696 4003 2078 4079 obstinatos
2107 4006 2314 4094 vidit,
2368 4009 2656 4083 duobus
2691 4008 2771 4080 fi-

811 4128 963 4201 mul
998 4124 1169 4200 locis
1222 4126 1634 4222 obpugnare
1669 4124 1768 4198 est
1799 4125 2105 4199 adortus.
2207 4127 2449 4200 Altera
2473 4152 2631 4224 pars
2665 4125 2773 4199 in-
