3100 5359
809 707 951 805 3⁶2
1472 702 2100 777 T.L1v11

814 888 867 923 ⁸⁸
900 872 1149 953 venis?
1200 874 1594 951 Convivam
1619 898 1734 951 me
1760 875 1892 952 tibi
1917 874 2362 953 committere
2393 874 2598 951 ausus
2625 900 2784 951 non

814 1007 867 1041 ⁸⁸
904 995 1105 1084 sum,
1156 995 1668 1073 comiffatorern
1715 1018 1784 1071 te
1833 1020 2006 1071 cum
2049 995 2332 1071 armatis
2371 994 2785 1070 venientem

814 1126 867 1161 ⁸⁸
902 1115 1237 1214 recipiam
1268 1119 1295 1191 ?
1396 1116 1467 1191 Si
1496 1136 1732 1213 aperta
1749 1118 1968 1213 janua
1993 1115 2249 1203 fuifl‘et,
2285 1114 2500 1191 funus
2529 1142 2780 1191 meum

814 1246 867 1279 ⁸⁸
901 1260 1170 1335 parares
1234 1238 1373 1309 hoc
1440 1258 1783 1334 tempore,
1855 1258 2074 1336 pater,
2145 1262 2296 1335 quo
2359 1258 2784 1333 querentem

813 1366 865 1401 ⁸⁸
900 1355 1125 1430 audis.
1226 1356 1431 1430 Nihil
1484 1382 1648 1455 eg0,
1699 1376 2065 1455 tamquam
2100 1356 2485 1444 accusator,
2537 1355 2778 1431 crimi-

815 1486 867 1522 ⁸⁸
902 1474 1067 1550 nose
1134 1501 1267 1551 nec
1324 1475 1549 1551 dubia
1619 1475 2052 1576 argumentis
2121 1475 2532 1575 colligendo
2615 1502 2778 1575 agn.

812 1606 863 1644 ⁸⁸
900 1594 1107 1697 Qid
1158 1594 1351 1670 enim
1384 1598 1413 1670 ?
1466 1616 1676 1695 negat
1703 1596 1770 1671 se
1809 1621 1980 1671 cum
2015 1596 2480 1670 multitudine
2517 1596 2778 1671 veniffe

813 1728 865 1762 ⁸⁸
898 1718 989 1791 ad
1028 1716 1323 1813 januam
1368 1720 1650 1791 meam?
1700 1742 1792 1791 an
1851 1715 2032 1791 ferro
2089 1714 2494 1792 subcinaos
2537 1716 2776 1791 secum

814 1848 865 1883 ‘⁸
902 1836 1157 1911 fuiffe?
1256 1841 1463 1937 Qos
1505 1835 1800 1911 nomina
1843 1860 2036 1925 vero,
2105 1839 2378 1911 arcesse.
2487 1840 2782 1913 Pofl'unt

816 1968 867 2003 ⁸⁸
906 1956 1205 2056 quidem
1250 1954 1495 2029 omnia
1526 1957 1814 2043 audere,
1866 1954 1995 2055 qui
2028 1958 2163 2031 hoc
2195 1960 2334 2031 aufi
2369 1956 2530 2031 sunt
2551 1990 2576 2045 3
2633 1982 2774 2033 non

816 2088 869 2124 ⁸⁸
904 2100 1141 2153 tamen
1190 2078 1561 2153 audebunt
1613 2100 1891 2176 negare.
1989 2076 2062 2151 Si
2093 2076 2560 2173 deprehensos
2603 2074 2777 2153 intra

813 2208 867 2244 ⁸⁸
900 2196 1121 2272 limen
1196 2222 1445 2272 meum
1520 2223 1691 2272 cum
1761 2196 1944 2271 ferro
2017 2198 2108 2271 ad
2181 2217 2250 2271 te
2313 2197 2770 2285 deducerem,

814 2329 865 2364 ⁸⁸
902 2342 1029 2417 pro
1058 2315 1429 2392 manifesto
1462 2320 1788 2405 haberes3
1857 2315 2150 2391 fatentes
2173 2342 2304 2419 pro
2331 2318 2774 2417 deprehensis

814 2448 865 2483 ⁸⁸
902 2440 1155 2513 habe.”

909 2558 1007 2631 X.
1105 2564 1158 2601 ‘⁸
1196 2554 1568 2630 Exsecrare
1595 2578 1789 2631 nunc
1809 2554 2272 2653 cupiditatem
2307 2556 2533 2656 regni,
2568 2562 2638 2632 &
2665 2557 2770 2633 fu-

813 2688 865 2722 ⁸⁸
902 2676 1035 2752 rias
1066 2674 1397 2750 fraternas
1428 2675 1734 2751 concita.
1833 2676 2000 2761 Sed,
2045 2700 2132 2749 ne
2167 2678 2296 2749 smt
2327 2700 2602 2765 caecae,
2653 2704 2770 2775 pa-

812 2808 865 2842 ‘⁸
902 2815 1033 2885 ter,
1083 2794 1584 2872 exsecrationes
1610 2816 1798 2883 tuae,
1849 2794 2162 2870 discerne
2201 2795 2278 2867 &
2312 2794 2582 2893 dispice
2615 2798 2766 2873 infi-

813 2928 865 2964 ⁸⁸
904 2917 1246 2993 diatorem
1274 2921 1343 2991 &
1372 2914 1672 3015 petitum
1699 2914 1988 2989 insidiis·
2087 2916 2418 2989 Noxium
2439 2917 2616 2995 huic
2639 2922 2770 2993 effe

812 3050 869 3085 ⁸⁸
902 3056 1139 3138 caput.
1270 3034 1423 3138 Qi
1498 3036 1857 3111 occisurus
1919 3034 2198 3110 fratrem
2275 3035 2442 3125 fuit,
2526 3040 2774 3115 habeat

814 3170 869 3206 ⁸⁸
904 3158 1117 3235 etiam
1150 3157 1359 3233 iratos
1384 3176 1704 3254 paternos
1727 3158 1964 3230 Deos:
2015 3154 2142 3254 qui
2164 3155 2520 3255 periturus
2537 3158 2770 3234 frater-

813 3291 867 3327 ⁸⁸
904 3308 999 3355 no
1032 3279 1281 3356 sceiere
1306 3276 1470 3365 fuit,
1508 3276 1918 3377 perfugium
1952 3276 2027 3351 in
2055 3276 2265 3375 patris
2301 3277 2772 3355 misericordia

811 3412 867 3449 ⁸⁸
900 3402 977 3474 &
1014 3398 1287 3498 justitia
1338 3399 1611 3473 habeat.
1711 3403 1884 3499 Quo
1924 3396 2116 3471 enirn
2159 3396 2300 3471 alio
2331 3398 2766 3499 confixgiam,

813 3532 866 3567 ⁸⁸
902 3519 1021 3595 cui
1056 3544 1201 3594 non
1231 3518 1564 3594 sollemne
1597 3518 1874 3592 lustrale
1905 3517 2256 3593 exercitus
2281 3516 2417 3606 tui,
2469 3544 2618 3595 non
2651 3522 2767 3595 de·

812 3652 867 3687 ⁸⁸
902 3639 1141 3717 cursus
1185 3638 1525 3727 militum,
1579 3662 1724 3713 non
1769 3639 2058 3725 domus,
2111 3663 2256 3713 non
2303 3640 2578 3739 epulae,
2629 3664 2766 3715 non

815 3774 869 3808 ⁸⁸
904 3786 1077 3848 nox,
1126 3761 1219 3835 ad
1264 3760 1583 3858 quietem
1637 3760 1801 3833 data
1853 3779 2138 3832 naturae
2191 3758 2544 3833 beneficio
2587 3784 2768 3835 mor-

812 3894 866 3930 ⁸⁸
903 3880 1187 3967 talibus,
1240 3900 1395 3953 tuta
1432 3880 1590 3954 est?
1687 3877 1760 3953 Si
1797 3876 1942 3952 iero
1973 3880 2067 3951 ad
2099 3875 2378 3953 fratrem
2412 3879 2768 3969 invitatus,

814 4014 866 4049 ⁸⁸
903 4000 1357 4078 moriendum
1386 3998 1525 4074 est:
1579 4000 1624 4072 fi
1653 4022 1980 4095 recepero
2015 3996 2496 4095 intrajanuam
2523 4000 2766 4076 comis·

812 4134 865 4169 ⁸⁸
901 4121 1123 4198 satum
1170 4120 1475 4208 fratrem,
1549 4116 2005 4193 moriendum
2061 4118 2182 4193 est.
2283 4122 2356 4195 N
2363 4146 2448 4195 ec
2505 4120 2764 4207 eunde,
