<?xml version="1.0" encoding="UTF-8"?>
<!DOCTYPE html PUBLIC "-//W3C//DTD XHTML 1.0 Transitional//EN"
    "http://www.w3.org/TR/xhtml1/DTD/xhtml1-transitional.dtd">
<html xmlns="http://www.w3.org/1999/xhtml" xml:lang="en" lang="en">
 <head>
  <title>
</title>
<meta http-equiv="Content-Type" content="text/html;charset=utf-8" />
  <meta name='ocr-system' content='tesseract 3.04.00' />
  <meta name='ocr-capabilities' content='ocr_page ocr_carea ocr_par ocr_line ocrx_word'/>
</head>
<body>
  <div class='ocr_page' id='page_1' title='image "./tliviipatavinih01homegoog_0239.png"; bbox 0 0 3100 5359; ppageno 0'>
   <div class='ocr_carea' id='block_1_1' title="bbox 842 669 2365 778">
    <p class='ocr_par' dir='ltr' id='par_1_1' title="bbox 842 669 2365 778">
     <span class='ocr_line' id='line_1_1' title="bbox 842 669 2365 778; baseline 0.004 -32"><span class='ocrx_word' id='word_1_1' title='bbox 842 669 919 746; x_wconf 91' lang='lat' dir='ltr'>L</span> <span class='ocrx_word' id='word_1_2' title='bbox 969 693 1000 745; x_wconf 90' lang='lat'>1</span> <span class='ocrx_word' id='word_1_3' title='bbox 1057 694 1100 747; x_wconf 74' lang='lat' dir='ltr'>n</span> <span class='ocrx_word' id='word_1_4' title='bbox 1153 695 1194 745; x_wconf 74' lang='lat' dir='ltr'>s</span> <span class='ocrx_word' id='word_1_5' title='bbox 1245 693 1295 746; x_wconf 74' lang='grc' dir='ltr'>ιι</span> <span class='ocrx_word' id='word_1_6' title='bbox 1397 669 1831 748; x_wconf 86' lang='lat' dir='ltr'>XXXVIII.</span> <span class='ocrx_word' id='word_1_7' title='bbox 2229 696 2365 778; x_wconf 80' lang='lat'>231</span> 
     </span>
    </p>
   </div>
   <div class='ocr_carea' id='block_1_2' title="bbox 315 851 2399 4234">
    <p class='ocr_par' dir='ltr' id='par_1_2' title="bbox 315 851 2399 4234">
     <span class='ocr_line' id='line_1_2' title="bbox 369 851 2362 970; baseline 0.001 -22"><span class='ocrx_word' id='word_1_8' title='bbox 369 873 550 948; x_wconf 87' lang='lat' dir='ltr'>dam</span> <span class='ocrx_word' id='word_1_9' title='bbox 579 872 852 970; x_wconf 85' lang='lat' dir='ltr'>legatos</span> <span class='ocrx_word' id='word_1_10' title='bbox 885 867 1430 948; x_wconf 83' lang='lat' dir='ltr'>Ambracienses</span> <span class='ocrx_word' id='word_1_11' title='bbox 1456 868 1534 944; x_wconf 87' lang='lat' dir='ltr'>in</span> <span class='ocrx_word' id='word_1_12' title='bbox 1561 868 1913 959; x_wconf 88' lang='lat' dir='ltr'>senatum,</span> <span class='ocrx_word' id='word_1_13' title='bbox 1948 851 2362 948; x_wconf 78' lang='lat' dir='ltr'>subornatos</span> 
     </span>
     <span class='ocr_line' id='line_1_3' title="bbox 367 988 2362 1093; baseline 0.001 -25"><span class='ocrx_word' id='word_1_14' title='bbox 367 991 829 1079; x_wconf 83' lang='lat' dir='ltr'>criminibus,</span> <span class='ocrx_word' id='word_1_15' title='bbox 858 989 1288 1068; x_wconf 84' lang='lat' dir='ltr'>introduxit.</span> <span class='ocrx_word' id='word_1_16' title='bbox 1361 989 1516 1091; x_wconf 82' lang='lat' dir='ltr'>Qi</span> <span class='ocrx_word' id='word_1_17' title='bbox 1550 1000 1604 1035; x_wconf 91' lang='grc'><strong>“</strong></span> <span class='ocrx_word' id='word_1_18' title='bbox 1640 988 1795 1080; x_wconf 86' lang='lat' dir='ltr'>fibi,</span> <span class='ocrx_word' id='word_1_19' title='bbox 1830 1015 2064 1089; x_wconf 87' lang='lat' dir='ltr'>quum</span> <span class='ocrx_word' id='word_1_20' title='bbox 2085 989 2161 1067; x_wconf 90' lang='lat' dir='ltr'>in</span> <span class='ocrx_word' id='word_1_21' title='bbox 2187 1011 2362 1093; x_wconf 86' lang='lat' dir='ltr'>pace</span> 
     </span>
     <span class='ocr_line' id='line_1_4' title="bbox 367 1107 2359 1212; baseline 0.001 -24"><span class='ocrx_word' id='word_1_22' title='bbox 367 1120 428 1157; x_wconf 89' lang='lat'><strong>“</strong></span> <span class='ocrx_word' id='word_1_23' title='bbox 464 1114 708 1201; x_wconf 85' lang='lat' dir='ltr'>effent,</span> <span class='ocrx_word' id='word_1_24' title='bbox 744 1111 1235 1211; x_wconf 68' lang='lat' dir='ltr'>imperataque</span> <span class='ocrx_word' id='word_1_25' title='bbox 1267 1109 1688 1212; x_wconf 83' lang='lat' dir='ltr'>aptioribus</span> <span class='ocrx_word' id='word_1_26' title='bbox 1721 1107 2135 1188; x_wconf 88' lang='lat' dir='ltr'>consulibus</span> <span class='ocrx_word' id='word_1_27' title='bbox 2159 1111 2359 1190; x_wconf 83' lang='lat' dir='ltr'>fecis-</span> 
     </span>
     <span class='ocr_line' id='line_1_5' title="bbox 315 1230 2363 1332; baseline 0.001 -25"><span class='ocrx_word' id='word_1_28' title='bbox 315 1275 322 1278; x_wconf 96' lang='lat'>·</span> <span class='ocrx_word' id='word_1_29' title='bbox 369 1242 428 1278; x_wconf 87' lang='lat'><strong>“</strong></span> <span class='ocrx_word' id='word_1_30' title='bbox 462 1231 642 1323; x_wconf 89' lang='lat' dir='ltr'>sent,</span> <span class='ocrx_word' id='word_1_31' title='bbox 696 1233 771 1305; x_wconf 74' lang='grc' dir='ltr'>δι</span> <span class='ocrx_word' id='word_1_32' title='bbox 818 1235 1071 1311; x_wconf 87' lang='lat' dir='ltr'>eadem</span> <span class='ocrx_word' id='word_1_33' title='bbox 1116 1231 1458 1332; x_wconf 82' lang='lat' dir='ltr'>praestare</span> <span class='ocrx_word' id='word_1_34' title='bbox 1503 1230 1918 1308; x_wconf 85' lang='lat' dir='ltr'>obedienter</span> <span class='ocrx_word' id='word_1_35' title='bbox 1954 1231 2068 1306; x_wconf 88' lang='lat' dir='ltr'>M.</span> <span class='ocrx_word' id='word_1_36' title='bbox 2096 1232 2363 1309; x_wconf 83' lang='lat' dir='ltr'>Fulvio</span> 
     </span>
     <span class='ocr_line' id='line_1_6' title="bbox 370 1351 2359 1456; baseline 0.003 -29"><span class='ocrx_word' id='word_1_37' title='bbox 370 1363 428 1396; x_wconf 90' lang='lat'><strong>“</strong></span> <span class='ocrx_word' id='word_1_38' title='bbox 461 1352 687 1454; x_wconf 86' lang='lat' dir='ltr'>parati</span> <span class='ocrx_word' id='word_1_39' title='bbox 735 1355 979 1444; x_wconf 84' lang='lat' dir='ltr'>effent,</span> <span class='ocrx_word' id='word_1_40' title='bbox 1031 1355 1306 1429; x_wconf 87' lang='lat' dir='ltr'>bellum</span> <span class='ocrx_word' id='word_1_41' title='bbox 1354 1351 1708 1427; x_wconf 86' lang='lat' dir='ltr'>inlatum’&#39;</span> <span class='ocrx_word' id='word_1_42' title='bbox 1756 1353 2015 1452; x_wconf 87' lang='lat' dir='ltr'>questi,</span> <span class='ocrx_word' id='word_1_43' title='bbox 2068 1363 2120 1397; x_wconf 90' lang='lat'><strong>“</strong></span> <span class='ocrx_word' id='word_1_44' title='bbox 2154 1379 2359 1456; x_wconf 85' lang='lat' dir='ltr'>agros</span> 
     </span>
     <span class='ocr_line' id='line_1_7' title="bbox 365 1473 2356 1575; baseline 0.003 -26"><span class='ocrx_word' id='word_1_45' title='bbox 365 1483 424 1518; x_wconf 80' lang='lat'>‘⁶</span> <span class='ocrx_word' id='word_1_46' title='bbox 457 1473 780 1574; x_wconf 89' lang='lat' dir='ltr'>primum</span> <span class='ocrx_word' id='word_1_47' title='bbox 831 1475 1330 1574; x_wconf 82' lang='lat' dir='ltr'>depopulatos,</span> <span class='ocrx_word' id='word_1_48' title='bbox 1399 1494 1735 1550; x_wconf 87' lang='lat' dir='ltr'>terrorem</span> <span class='ocrx_word' id='word_1_49' title='bbox 1795 1473 2214 1575; x_wconf 82' lang='lat' dir='ltr'>direptionis</span> <span class='ocrx_word' id='word_1_50' title='bbox 2284 1483 2356 1554; x_wconf 74' lang='grc' dir='ltr'>δε</span> 
     </span>
     <span class='ocr_line' id='line_1_8' title="bbox 365 1593 2359 1700; baseline 0.003 -30"><span class='ocrx_word' id='word_1_51' title='bbox 365 1604 424 1638; x_wconf 89' lang='grc'><strong>“</strong></span> <span class='ocrx_word' id='word_1_52' title='bbox 459 1593 696 1670; x_wconf 85' lang='lat' dir='ltr'>caedis</span> <span class='ocrx_word' id='word_1_53' title='bbox 725 1594 892 1671; x_wconf 91' lang='lat' dir='ltr'>urbi</span> <span class='ocrx_word' id='word_1_54' title='bbox 925 1593 1299 1692; x_wconf 71' lang='lat' dir='ltr'>injectum,</span> <span class='ocrx_word' id='word_1_55' title='bbox 1335 1615 1420 1668; x_wconf 87' lang='lat' dir='ltr'>ut</span> <span class='ocrx_word' id='word_1_56' title='bbox 1443 1619 1532 1668; x_wconf 91' lang='lat' dir='ltr'>eo</span> <span class='ocrx_word' id='word_1_57' title='bbox 1558 1599 1759 1670; x_wconf 84' lang='lat' dir='ltr'>metu</span> <span class='ocrx_word' id='word_1_58' title='bbox 1794 1596 2121 1672; x_wconf 85' lang='lat' dir='ltr'>claudere</span> <span class='ocrx_word' id='word_1_59' title='bbox 2144 1623 2359 1700; x_wconf 86' lang='lat' dir='ltr'>coge-</span> 
     </span>
     <span class='ocr_line' id='line_1_9' title="bbox 365 1713 2354 1819; baseline 0.002 -29"><span class='ocrx_word' id='word_1_60' title='bbox 365 1727 424 1760; x_wconf 91' lang='lat'><strong>“</strong></span> <span class='ocrx_word' id='word_1_61' title='bbox 459 1736 706 1791; x_wconf 89' lang='lat' dir='ltr'>rentur</span> <span class='ocrx_word' id='word_1_62' title='bbox 755 1733 1013 1814; x_wconf 85' lang='lat' dir='ltr'>portas.</span> <span class='ocrx_word' id='word_1_63' title='bbox 1113 1713 1442 1791; x_wconf 81' lang='lat' dir='ltr'>Obseffos</span> <span class='ocrx_word' id='word_1_64' title='bbox 1485 1714 1753 1792; x_wconf 89' lang='lat' dir='ltr'>deinde</span> <span class='ocrx_word' id='word_1_65' title='bbox 1798 1718 1869 1792; x_wconf 76' lang='grc' dir='ltr'>δε</span> <span class='ocrx_word' id='word_1_66' title='bbox 1904 1721 2354 1819; x_wconf 81' lang='lat' dir='ltr'>obpugnatos</span> 
     </span>
     <span class='ocr_line' id='line_1_10' title="bbox 365 1833 2351 1936; baseline 0.003 -25"><span class='ocrx_word' id='word_1_67' title='bbox 365 1845 422 1880; x_wconf 89' lang='lat'><strong>“</strong></span> <span class='ocrx_word' id='word_1_68' title='bbox 457 1835 552 1926; x_wconf 89' lang='lat' dir='ltr'>se,</span> <span class='ocrx_word' id='word_1_69' title='bbox 580 1839 650 1912; x_wconf 74' lang='grc' dir='ltr'>δε</span> <span class='ocrx_word' id='word_1_70' title='bbox 677 1835 924 1912; x_wconf 88' lang='lat' dir='ltr'>omnia</span> <span class='ocrx_word' id='word_1_71' title='bbox 954 1837 1284 1936; x_wconf 80' lang='lat' dir='ltr'>exempla</span> <span class='ocrx_word' id='word_1_72' title='bbox 1308 1833 1477 1913; x_wconf 91' lang='lat' dir='ltr'>belli</span> <span class='ocrx_word' id='word_1_73' title='bbox 1507 1834 1703 1911; x_wconf 88' lang='lat' dir='ltr'>edita</span> <span class='ocrx_word' id='word_1_74' title='bbox 1732 1835 1806 1911; x_wconf 89' lang='lat' dir='ltr'>in</span> <span class='ocrx_word' id='word_1_75' title='bbox 1835 1836 1928 1926; x_wconf 89' lang='lat' dir='ltr'>se,</span> <span class='ocrx_word' id='word_1_76' title='bbox 1980 1838 2351 1929; x_wconf 84' lang='lat' dir='ltr'>caedibus,</span> 
     </span>
     <span class='ocr_line' id='line_1_11' title="bbox 366 1954 2353 2066; baseline 0.002 -34"><span class='ocrx_word' id='word_1_77' title='bbox 366 1968 425 2002; x_wconf 89' lang='lat'><strong>“</strong></span> <span class='ocrx_word' id='word_1_78' title='bbox 460 1955 844 2045; x_wconf 84' lang='lat' dir='ltr'>incendiis,</span> <span class='ocrx_word' id='word_1_79' title='bbox 905 1954 1161 2046; x_wconf 86' lang='lat' dir='ltr'>ruinis,</span> <span class='ocrx_word' id='word_1_80' title='bbox 1213 1954 1618 2055; x_wconf 82' lang='lat' dir='ltr'>direptione</span> <span class='ocrx_word' id='word_1_81' title='bbox 1677 1957 1917 2032; x_wconf 84' lang='lat' dir='ltr'>urbis:</span> <span class='ocrx_word' id='word_1_82' title='bbox 1984 1962 2353 2066; x_wconf 81' lang='lat' dir='ltr'>conjuges,</span> 
     </span>
     <span class='ocr_line' id='line_1_12' title="bbox 365 2075 2353 2172; baseline 0.002 -19"><span class='ocrx_word' id='word_1_83' title='bbox 365 2087 424 2122; x_wconf 89' lang='lat'><strong>“</strong></span> <span class='ocrx_word' id='word_1_84' title='bbox 457 2077 717 2154; x_wconf 89' lang='lat' dir='ltr'>liberos</span> <span class='ocrx_word' id='word_1_85' title='bbox 775 2077 852 2153; x_wconf 91' lang='lat' dir='ltr'>in</span> <span class='ocrx_word' id='word_1_86' title='bbox 908 2075 1274 2154; x_wconf 82' lang='lat' dir='ltr'>servitium</span> <span class='ocrx_word' id='word_1_87' title='bbox 1325 2077 1749 2152; x_wconf 71' lang='lat' dir='ltr'>abstractos:</span> <span class='ocrx_word' id='word_1_88' title='bbox 1803 2080 1995 2160; x_wconf 85' lang='lat' dir='ltr'>bona</span> <span class='ocrx_word' id='word_1_89' title='bbox 2042 2080 2353 2172; x_wconf 84' lang='lat' dir='ltr'>ademta,</span> 
     </span>
     <span class='ocr_line' id='line_1_13' title="bbox 365 2197 2355 2300; baseline 0.002 -26"><span class='ocrx_word' id='word_1_90' title='bbox 365 2209 422 2245; x_wconf 87' lang='grc'><strong>“</strong></span> <span class='ocrx_word' id='word_1_91' title='bbox 460 2203 560 2288; x_wconf 86' lang='lat'>&amp;,</span> <span class='ocrx_word' id='word_1_92' title='bbox 624 2199 828 2300; x_wconf 89' lang='lat' dir='ltr'>quod</span> <span class='ocrx_word' id='word_1_93' title='bbox 881 2197 950 2274; x_wconf 91' lang='lat' dir='ltr'>se</span> <span class='ocrx_word' id='word_1_94' title='bbox 1001 2219 1164 2274; x_wconf 89' lang='lat' dir='ltr'>ante</span> <span class='ocrx_word' id='word_1_95' title='bbox 1212 2197 1462 2273; x_wconf 88' lang='lat' dir='ltr'>omnia</span> <span class='ocrx_word' id='word_1_96' title='bbox 1511 2217 1821 2288; x_wconf 85' lang='lat' dir='ltr'>moveat,</span> <span class='ocrx_word' id='word_1_97' title='bbox 1884 2199 2153 2297; x_wconf 90' lang='lat' dir='ltr'>templa</span> <span class='ocrx_word' id='word_1_98' title='bbox 2204 2220 2355 2277; x_wconf 89' lang='lat' dir='ltr'>tota</span> 
     </span>
     <span class='ocr_line' id='line_1_14' title="bbox 360 2317 2339 2420; baseline 0.001 -23"><span class='ocrx_word' id='word_1_99' title='bbox 360 2331 418 2367; x_wconf 78' lang='lat'>‘⁸</span> <span class='ocrx_word' id='word_1_100' title='bbox 453 2323 630 2398; x_wconf 89' lang='lat' dir='ltr'>urbe</span> <span class='ocrx_word' id='word_1_101' title='bbox 689 2318 982 2420; x_wconf 85' lang='lat' dir='ltr'>spoliata</span> <span class='ocrx_word' id='word_1_102' title='bbox 1043 2317 1498 2396; x_wconf 79' lang='lat' dir='ltr'>ornamentis.</span> <span class='ocrx_word' id='word_1_103' title='bbox 1610 2317 1999 2394; x_wconf 90' lang='lat' dir='ltr'>Simulacra</span> <span class='ocrx_word' id='word_1_104' title='bbox 2062 2323 2339 2412; x_wconf 72' lang='lat' dir='ltr'>Deum,</span> 
     </span>
     <span class='ocr_line' id='line_1_15' title="bbox 365 2437 2351 2539; baseline -0.001 -19"><span class='ocrx_word' id='word_1_105' title='bbox 365 2450 422 2488; x_wconf 79' lang='lat'>‘⁶</span> <span class='ocrx_word' id='word_1_106' title='bbox 457 2444 656 2520; x_wconf 81' lang='lat' dir='ltr'>Deos</span> <span class='ocrx_word' id='word_1_107' title='bbox 691 2440 920 2516; x_wconf 87' lang='lat' dir='ltr'>immo</span> <span class='ocrx_word' id='word_1_108' title='bbox 952 2437 1166 2539; x_wconf 90' lang='lat' dir='ltr'>ipsos,</span> <span class='ocrx_word' id='word_1_109' title='bbox 1202 2438 1577 2514; x_wconf 86' lang='lat' dir='ltr'>convulsos</span> <span class='ocrx_word' id='word_1_110' title='bbox 1600 2463 1695 2513; x_wconf 83' lang='lat' dir='ltr'>ex</span> <span class='ocrx_word' id='word_1_111' title='bbox 1720 2437 2201 2529; x_wconf 83' lang='lat' dir='ltr'>sedibussuis,</span> <span class='ocrx_word' id='word_1_112' title='bbox 2226 2445 2351 2518; x_wconf 86' lang='lat' dir='ltr'>ab·</span> 
     </span>
     <span class='ocr_line' id='line_1_16' title="bbox 364 2556 2348 2661; baseline 0.001 -23"><span class='ocrx_word' id='word_1_113' title='bbox 364 2573 420 2608; x_wconf 78' lang='lat'>‘⁸</span> <span class='ocrx_word' id='word_1_114' title='bbox 451 2563 629 2638; x_wconf 88' lang='lat' dir='ltr'>latos</span> <span class='ocrx_word' id='word_1_115' title='bbox 655 2563 830 2650; x_wconf 79' lang='lat' dir='ltr'>effe3</span> <span class='ocrx_word' id='word_1_116' title='bbox 867 2559 1160 2661; x_wconf 86' lang='lat' dir='ltr'>parietes</span> <span class='ocrx_word' id='word_1_117' title='bbox 1191 2556 1564 2660; x_wconf 85' lang='lat' dir='ltr'>postesque</span> <span class='ocrx_word' id='word_1_118' title='bbox 1594 2557 1925 2650; x_wconf 87' lang='lat' dir='ltr'>nudatos,</span> <span class='ocrx_word' id='word_1_119' title='bbox 1962 2585 2145 2660; x_wconf 91' lang='lat' dir='ltr'>quos</span> <span class='ocrx_word' id='word_1_120' title='bbox 2177 2563 2348 2654; x_wconf 81' lang='lat' dir='ltr'>ado-</span> 
     </span>
     <span class='ocr_line' id='line_1_17' title="bbox 365 2678 2349 2782; baseline -0.001 -23"><span class='ocrx_word' id='word_1_121' title='bbox 365 2692 419 2730; x_wconf 84' lang='lat'><strong><em>“</em></strong></span> <span class='ocrx_word' id='word_1_122' title='bbox 453 2703 639 2773; x_wconf 88' lang='lat' dir='ltr'>rent,</span> <span class='ocrx_word' id='word_1_123' title='bbox 673 2683 767 2758; x_wconf 86' lang='lat' dir='ltr'>ad</span> <span class='ocrx_word' id='word_1_124' title='bbox 793 2707 979 2782; x_wconf 88' lang='lat' dir='ltr'>quos</span> <span class='ocrx_word' id='word_1_125' title='bbox 1004 2699 1386 2781; x_wconf 87' lang='lat' dir='ltr'>precentur</span> <span class='ocrx_word' id='word_1_126' title='bbox 1407 2684 1478 2755; x_wconf 75' lang='grc' dir='ltr'>ὅτ</span> <span class='ocrx_word' id='word_1_127' title='bbox 1504 2678 1931 2780; x_wconf 90' lang='lat' dir='ltr'>supplicent,</span> <span class='ocrx_word' id='word_1_128' title='bbox 1966 2683 2349 2760; x_wconf 88' lang='lat' dir='ltr'>Ambraci-</span> 
     </span>
     <span class='ocr_line' id='line_1_18' title="bbox 368 2799 2352 2905; baseline 0.003 -29"><span class='ocrx_word' id='word_1_129' title='bbox 368 2813 420 2848; x_wconf 89' lang='lat'><strong>“</strong></span> <span class='ocrx_word' id='word_1_130' title='bbox 457 2803 739 2880; x_wconf 87' lang='lat' dir='ltr'>enfibus</span> <span class='ocrx_word' id='word_1_131' title='bbox 765 2800 1175 2900; x_wconf 81' lang='lat' dir='ltr'>supereffe.”</span> <span class='ocrx_word' id='word_1_132' title='bbox 1247 2801 1461 2877; x_wconf 90' lang='lat' dir='ltr'>Haec</span> <span class='ocrx_word' id='word_1_133' title='bbox 1487 2823 1890 2900; x_wconf 87' lang='lat' dir='ltr'>querentes,</span> <span class='ocrx_word' id='word_1_134' title='bbox 1917 2799 2352 2905; x_wconf 84' lang='lat' dir='ltr'>interrogan-</span> 
     </span>
     <span class='ocr_line' id='line_1_19' title="bbox 359 2919 2399 3023; baseline 0.002 -23"><span class='ocrx_word' id='word_1_135' title='bbox 359 2923 463 3000; x_wconf 94' lang='lat' dir='ltr'>do</span> <span class='ocrx_word' id='word_1_136' title='bbox 496 2921 874 2998; x_wconf 88' lang='lat' dir='ltr'>criminose</span> <span class='ocrx_word' id='word_1_137' title='bbox 903 2947 998 2998; x_wconf 82' lang='lat' dir='ltr'>ex</span> <span class='ocrx_word' id='word_1_138' title='bbox 1030 2924 1449 3022; x_wconf 72' lang='lat' dir='ltr'>composite,</span> <span class='ocrx_word' id='word_1_139' title='bbox 1492 2919 1741 2998; x_wconf 90' lang='lat' dir='ltr'>consul</span> <span class='ocrx_word' id='word_1_140' title='bbox 1770 2924 1863 2999; x_wconf 88' lang='lat' dir='ltr'>ad</span> <span class='ocrx_word' id='word_1_141' title='bbox 1888 2925 2119 3023; x_wconf 85' lang='lat' dir='ltr'>plura,</span> <span class='ocrx_word' id='word_1_142' title='bbox 2152 2928 2352 3004; x_wconf 82' lang='lat' dir='ltr'>velut</span> <span class='ocrx_word' id='word_1_143' title='bbox 2382 2945 2399 2965; x_wconf 78' lang='lat'><strong><em>⁹</em></strong></span> 
     </span>
     <span class='ocr_line' id='line_1_20' title="bbox 359 3041 2347 3141; baseline 0.001 -20"><span class='ocrx_word' id='word_1_144' title='bbox 359 3070 512 3122; x_wconf 85' lang='lat' dir='ltr'>non</span> <span class='ocrx_word' id='word_1_145' title='bbox 555 3041 678 3119; x_wconf 88' lang='lat' dir='ltr'>sua</span> <span class='ocrx_word' id='word_1_146' title='bbox 708 3041 957 3141; x_wconf 88' lang='lat' dir='ltr'>sponte</span> <span class='ocrx_word' id='word_1_147' title='bbox 1003 3041 1340 3132; x_wconf 88' lang='lat' dir='ltr'>dicenda,</span> <span class='ocrx_word' id='word_1_148' title='bbox 1390 3041 1743 3120; x_wconf 87' lang='lat' dir='ltr'>eliciebat.</span> <span class='ocrx_word' id='word_1_149' title='bbox 1846 3043 2084 3121; x_wconf 90' lang='lat' dir='ltr'>Motis</span> <span class='ocrx_word' id='word_1_150' title='bbox 2126 3046 2347 3123; x_wconf 85' lang='lat' dir='ltr'>Patri-</span> 
     </span>
     <span class='ocr_line' id='line_1_21' title="bbox 361 3161 2346 3254; baseline 0.001 -14"><span class='ocrx_word' id='word_1_151' title='bbox 361 3166 528 3254; x_wconf 92' lang='lat' dir='ltr'>bus,</span> <span class='ocrx_word' id='word_1_152' title='bbox 579 3165 752 3240; x_wconf 86' lang='lat' dir='ltr'>alter</span> <span class='ocrx_word' id='word_1_153' title='bbox 780 3161 1028 3240; x_wconf 91' lang='lat' dir='ltr'>consul</span> <span class='ocrx_word' id='word_1_154' title='bbox 1061 3165 1150 3240; x_wconf 90' lang='lat' dir='ltr'>C.</span> <span class='ocrx_word' id='word_1_155' title='bbox 1183 3161 1583 3240; x_wconf 80' lang='lat' dir='ltr'>Flaminius</span> <span class='ocrx_word' id='word_1_156' title='bbox 1620 3163 1733 3238; x_wconf 91' lang='lat' dir='ltr'>M.</span> <span class='ocrx_word' id='word_1_157' title='bbox 1762 3163 2007 3240; x_wconf 86' lang='lat' dir='ltr'>Fulvii</span> <span class='ocrx_word' id='word_1_158' title='bbox 2038 3167 2346 3242; x_wconf 83' lang='lat' dir='ltr'>cauffam</span> 
     </span>
     <span class='ocr_line' id='line_1_22' title="bbox 361 3283 2347 3387; baseline 0 -25"><span class='ocrx_word' id='word_1_159' title='bbox 361 3284 682 3385; x_wconf 78' lang='lat' dir='ltr'>excepit:</span> <span class='ocrx_word' id='word_1_160' title='bbox 719 3283 880 3384; x_wconf 89' lang='lat' dir='ltr'>qui,</span> <span class='ocrx_word' id='word_1_161' title='bbox 915 3293 970 3329; x_wconf 89' lang='lat'><strong>“</strong></span> <span class='ocrx_word' id='word_1_162' title='bbox 997 3305 1306 3360; x_wconf 86' lang='lat' dir='ltr'>veterem</span> <span class='ocrx_word' id='word_1_163' title='bbox 1340 3287 1408 3360; x_wconf 70' lang='grc' dir='ltr'><strong>ἃ</strong></span> <span class='ocrx_word' id='word_1_164' title='bbox 1443 3283 1832 3360; x_wconf 86' lang='lat' dir='ltr'>obsoletam</span> <span class='ocrx_word' id='word_1_165' title='bbox 1858 3283 2053 3362; x_wconf 82' lang='lat' dir='ltr'>viam</span> <span class='ocrx_word' id='word_1_166' title='bbox 2084 3284 2347 3387; x_wconf 87' lang='lat' dir='ltr'>ingres·</span> 
     </span>
     <span class='ocr_line' id='line_1_23' title="bbox 364 3403 2349 3512; baseline 0.003 -33"><span class='ocrx_word' id='word_1_167' title='bbox 364 3417 416 3450; x_wconf 90' lang='lat'><strong>“</strong></span> <span class='ocrx_word' id='word_1_168' title='bbox 453 3403 562 3480; x_wconf 90' lang='lat' dir='ltr'>sos</span> <span class='ocrx_word' id='word_1_169' title='bbox 588 3405 1207 3496; x_wconf 86' lang='lat' dir='ltr'>Ambracienses,’&#39;</span> <span class='ocrx_word' id='word_1_170' title='bbox 1239 3403 1451 3512; x_wconf 83' lang='lat' dir='ltr'>dixit.</span> <span class='ocrx_word' id='word_1_171' title='bbox 1540 3415 1592 3450; x_wconf 78' lang='lat'>‘⁶</span> <span class='ocrx_word' id='word_1_172' title='bbox 1620 3404 1735 3482; x_wconf 90' lang='lat' dir='ltr'>Sic</span> <span class='ocrx_word' id='word_1_173' title='bbox 1763 3407 1882 3482; x_wconf 88' lang='lat' dir='ltr'>M.</span> <span class='ocrx_word' id='word_1_174' title='bbox 1910 3407 2349 3486; x_wconf 88' lang='lat' dir='ltr'>Marcellum</span> 
     </span>
     <span class='ocr_line' id='line_1_24' title="bbox 367 3525 2346 3629; baseline 0.002 -27"><span class='ocrx_word' id='word_1_175' title='bbox 367 3537 417 3573; x_wconf 79' lang='lat'>‘⁶</span> <span class='ocrx_word' id='word_1_176' title='bbox 453 3553 499 3602; x_wconf 90' lang='lat' dir='ltr'>a</span> <span class='ocrx_word' id='word_1_177' title='bbox 523 3527 997 3626; x_wconf 84' lang='lat' dir='ltr'>Syracusanis,</span> <span class='ocrx_word' id='word_1_178' title='bbox 1033 3531 1122 3603; x_wconf 87' lang='lat' dir='ltr'>fic</span> <span class='ocrx_word' id='word_1_179' title='bbox 1149 3525 1631 3629; x_wconf 75' lang='lat' dir='ltr'>QFulvium</span> <span class='ocrx_word' id='word_1_180' title='bbox 1658 3553 1700 3602; x_wconf 90' lang='lat' dir='ltr'>a</span> <span class='ocrx_word' id='word_1_181' title='bbox 1725 3525 2113 3626; x_wconf 86' lang='lat' dir='ltr'>Campanis</span> <span class='ocrx_word' id='word_1_182' title='bbox 2134 3553 2346 3605; x_wconf 89' lang='lat' dir='ltr'>accu-</span> 
     </span>
     <span class='ocr_line' id='line_1_25' title="bbox 367 3646 2345 3750; baseline 0.001 -28"><span class='ocrx_word' id='word_1_183' title='bbox 367 3659 418 3694; x_wconf 89' lang='lat'><strong>“</strong></span> <span class='ocrx_word' id='word_1_184' title='bbox 453 3646 660 3724; x_wconf 85' lang='lat' dir='ltr'>satos.</span> <span class='ocrx_word' id='word_1_185' title='bbox 757 3647 961 3750; x_wconf 84' lang='lat' dir='ltr'>Qin</span> <span class='ocrx_word' id='word_1_186' title='bbox 991 3648 1237 3724; x_wconf 88' lang='lat' dir='ltr'>eadem</span> <span class='ocrx_word' id='word_1_187' title='bbox 1273 3673 1488 3747; x_wconf 90' lang='lat' dir='ltr'>opera</span> <span class='ocrx_word' id='word_1_188' title='bbox 1514 3650 1610 3723; x_wconf 90' lang='lat' dir='ltr'>T.</span> <span class='ocrx_word' id='word_1_189' title='bbox 1646 3646 2082 3750; x_wconf 73' lang='lat' dir='ltr'>Qinffium</span> <span class='ocrx_word' id='word_1_190' title='bbox 2106 3674 2149 3724; x_wconf 90' lang='lat' dir='ltr'>a</span> <span class='ocrx_word' id='word_1_191' title='bbox 2174 3649 2345 3724; x_wconf 88' lang='lat' dir='ltr'>Phi-</span> 
     </span>
     <span class='ocr_line' id='line_1_26' title="bbox 367 3766 2341 3870; baseline 0.002 -26"><span class='ocrx_word' id='word_1_192' title='bbox 367 3767 657 3869; x_wconf 87' lang='lat' dir='ltr'>“lippo</span> <span class='ocrx_word' id='word_1_193' title='bbox 709 3793 900 3870; x_wconf 85' lang='lat' dir='ltr'>rege,</span> <span class='ocrx_word' id='word_1_194' title='bbox 949 3770 1091 3845; x_wconf 88' lang='lat' dir='ltr'><strong>M&#39;.</strong></span> <span class='ocrx_word' id='word_1_195' title='bbox 1147 3767 1480 3846; x_wconf 88' lang='lat' dir='ltr'>Acilium</span> <span class='ocrx_word' id='word_1_196' title='bbox 1530 3772 1602 3844; x_wconf 84' lang='lat'>&amp;</span> <span class='ocrx_word' id='word_1_197' title='bbox 1656 3769 1754 3846; x_wconf 87' lang='lat' dir='ltr'>L.</span> <span class='ocrx_word' id='word_1_198' title='bbox 1803 3766 2215 3868; x_wconf 87' lang='lat' dir='ltr'>Scipionem</span> <span class='ocrx_word' id='word_1_199' title='bbox 2248 3772 2341 3848; x_wconf 86' lang='lat' dir='ltr'>ab</span> 
     </span>
     <span class='ocr_line' id='line_1_27' title="bbox 368 3887 2343 3989; baseline 0.002 -25"><span class='ocrx_word' id='word_1_200' title='bbox 368 3897 418 3934; x_wconf 87' lang='lat'>“</span> <span class='ocrx_word' id='word_1_201' title='bbox 453 3887 856 3980; x_wconf 83' lang='lat' dir='ltr'>Antiocho,</span> <span class='ocrx_word' id='word_1_202' title='bbox 906 3890 1044 3966; x_wconf 90' lang='lat' dir='ltr'>Cn.</span> <span class='ocrx_word' id='word_1_203' title='bbox 1097 3889 1470 3967; x_wconf 86' lang='lat' dir='ltr'>Manlium</span> <span class='ocrx_word' id='word_1_204' title='bbox 1523 3915 1567 3965; x_wconf 81' lang='lat' dir='ltr'>a</span> <span class='ocrx_word' id='word_1_205' title='bbox 1619 3887 1873 3980; x_wconf 88' lang='lat' dir='ltr'>Gallis,</span> <span class='ocrx_word' id='word_1_206' title='bbox 1926 3887 2161 3989; x_wconf 86' lang='lat' dir='ltr'>ipsum</span> <span class='ocrx_word' id='word_1_207' title='bbox 2224 3893 2343 3968; x_wconf 93' lang='lat' dir='ltr'>M.</span> 
     </span>
     <span class='ocr_line' id='line_1_28' title="bbox 371 4008 2343 4112; baseline 0.002 -27"><span class='ocrx_word' id='word_1_208' title='bbox 371 4020 422 4056; x_wconf 86' lang='lat'><strong>“</strong></span> <span class='ocrx_word' id='word_1_209' title='bbox 456 4009 802 4089; x_wconf 80' lang='lat' dir='ltr'>Fulvium</span> <span class='ocrx_word' id='word_1_210' title='bbox 833 4012 926 4086; x_wconf 88' lang='lat' dir='ltr'>ab</span> <span class='ocrx_word' id='word_1_211' title='bbox 957 4009 1238 4092; x_wconf 71' lang='lat' dir='ltr'>Aetolis</span> <span class='ocrx_word' id='word_1_212' title='bbox 1268 4014 1339 4086; x_wconf 73' lang='grc' dir='ltr'>δι</span> <span class='ocrx_word' id='word_1_213' title='bbox 1374 4008 1873 4111; x_wconf 84' lang='lat' dir='ltr'>Cephalleniae</span> <span class='ocrx_word' id='word_1_214' title='bbox 1904 4009 2195 4112; x_wconf 88' lang='lat' dir='ltr'>populis</span> <span class='ocrx_word' id='word_1_215' title='bbox 2226 4037 2343 4088; x_wconf 85' lang='lat' dir='ltr'>ac·</span> 
     </span>
     <span class='ocr_line' id='line_1_29' title="bbox 374 4128 2387 4234; baseline 0.001 -27"><span class='ocrx_word' id='word_1_216' title='bbox 374 4137 427 4175; x_wconf 89' lang='lat'><strong>“</strong></span> <span class='ocrx_word' id='word_1_217' title='bbox 461 4128 684 4208; x_wconf 79' lang='lat' dir='ltr'>cusari</span> <span class='ocrx_word' id='word_1_218' title='bbox 713 4149 1139 4231; x_wconf 83' lang='lat' dir='ltr'>paterentur.</span> <span class='ocrx_word' id='word_1_219' title='bbox 1241 4130 1707 4210; x_wconf 85' lang='lat' dir='ltr'>Ambraciam</span> <span class='ocrx_word' id='word_1_220' title='bbox 1746 4134 2241 4234; x_wconf 85' lang='lat' dir='ltr'>obpugnatam</span> <span class='ocrx_word' id='word_1_221' title='bbox 2272 4137 2345 4210; x_wconf 72' lang='grc' dir='ltr'>ὅτ</span> <span class='ocrx_word' id='word_1_222' title='bbox 2364 4216 2387 4234; x_wconf 52' lang='grc'>,</span> 
     </span>
    </p>
   </div>
  </div>
 </body>
</html>
