<?xml version="1.0" encoding="UTF-8"?>
<!DOCTYPE html PUBLIC "-//W3C//DTD XHTML 1.0 Transitional//EN"
    "http://www.w3.org/TR/xhtml1/DTD/xhtml1-transitional.dtd">
<html xmlns="http://www.w3.org/1999/xhtml" xml:lang="en" lang="en">
 <head>
  <title>
</title>
<meta http-equiv="Content-Type" content="text/html;charset=utf-8" />
  <meta name='ocr-system' content='tesseract 3.04.00' />
  <meta name='ocr-capabilities' content='ocr_page ocr_carea ocr_par ocr_line ocrx_word'/>
</head>
<body>
  <div class='ocr_page' id='page_1' title='image "./tliviipatavinih01homegoog_0305.png"; bbox 0 0 3100 5359; ppageno 0'>
   <div class='ocr_carea' id='block_1_1' title="bbox 355 709 2339 988">
    <p class='ocr_par' dir='ltr' id='par_1_1' title="bbox 355 709 2339 988">
     <span class='ocr_line' id='line_1_1' title="bbox 835 709 2333 815; baseline 0.004 -31"><span class='ocrx_word' id='word_1_1' title='bbox 835 709 910 785; x_wconf 94' lang='lat' dir='ltr'>L</span> <span class='ocrx_word' id='word_1_2' title='bbox 960 736 990 784; x_wconf 84' lang='lat'>1</span> <span class='ocrx_word' id='word_1_3' title='bbox 1048 735 1089 785; x_wconf 73' lang='lat' dir='ltr'>n</span> <span class='ocrx_word' id='word_1_4' title='bbox 1147 735 1192 784; x_wconf 73' lang='lat' dir='ltr'>E</span> <span class='ocrx_word' id='word_1_5' title='bbox 1249 734 1298 784; x_wconf 77' lang='lat' dir='ltr'>n</span> <span class='ocrx_word' id='word_1_6' title='bbox 1398 711 1761 786; x_wconf 86' lang='lat' dir='ltr'>XXXIX.</span> <span class='ocrx_word' id='word_1_7' title='bbox 2192 738 2333 815; x_wconf 79' lang='lat'>297</span> 
     </span>
     <span class='ocr_line' id='line_1_2' title="bbox 355 885 2339 988; baseline 0 -25"><span class='ocrx_word' id='word_1_8' title='bbox 355 899 412 934; x_wconf 78' lang='lat'>‘⁸</span> <span class='ocrx_word' id='word_1_9' title='bbox 453 887 686 975; x_wconf 69' lang='lat' dir='ltr'>fuisse,</span> <span class='ocrx_word' id='word_1_10' title='bbox 719 889 1090 986; x_wconf 84' lang='lat' dir='ltr'>quondam</span> <span class='ocrx_word' id='word_1_11' title='bbox 1117 887 1460 962; x_wconf 85' lang='lat' dir='ltr'>Theffalis</span> <span class='ocrx_word' id='word_1_12' title='bbox 1486 885 1985 986; x_wconf 87' lang='lat' dir='ltr'>quaestuosum</span> <span class='ocrx_word' id='word_1_13' title='bbox 2014 891 2083 962; x_wconf 74' lang='grc' dir='ltr'>δε</span> <span class='ocrx_word' id='word_1_14' title='bbox 2114 887 2339 988; x_wconf 83' lang='lat' dir='ltr'>frugi-</span> 
     </span>
    </p>
   </div>
   <div class='ocr_carea' id='block_1_2' title="bbox 351 1007 2355 4231">
    <p class='ocr_par' dir='ltr' id='par_1_2' title="bbox 351 1007 2355 4231">
     <span class='ocr_line' id='line_1_3' title="bbox 351 1007 2327 1106; baseline 0 -23"><span class='ocrx_word' id='word_1_15' title='bbox 351 1019 406 1054; x_wconf 85' lang='lat'><strong>“</strong></span> <span class='ocrx_word' id='word_1_16' title='bbox 442 1008 698 1083; x_wconf 85' lang='lat' dir='ltr'>ferum.</span> <span class='ocrx_word' id='word_1_17' title='bbox 799 1007 911 1082; x_wconf 93' lang='lat' dir='ltr'>Ibi</span> <span class='ocrx_word' id='word_1_18' title='bbox 959 1008 1260 1084; x_wconf 82' lang='lat' dir='ltr'>navibus</span> <span class='ocrx_word' id='word_1_19' title='bbox 1311 1007 1646 1082; x_wconf 85' lang='lat' dir='ltr'>onerariis</span> <span class='ocrx_word' id='word_1_20' title='bbox 1704 1007 2151 1106; x_wconf 78' lang='lat' dir='ltr'>comparatiS,</span> <span class='ocrx_word' id='word_1_21' title='bbox 2218 1035 2327 1083; x_wconf 88' lang='lat' dir='ltr'>re·</span> 
     </span>
     <span class='ocr_line' id='line_1_4' title="bbox 352 1127 2331 1228; baseline 0.001 -24"><span class='ocrx_word' id='word_1_22' title='bbox 352 1139 406 1174; x_wconf 87' lang='lat'><strong>“</strong></span> <span class='ocrx_word' id='word_1_23' title='bbox 444 1155 637 1228; x_wconf 85' lang='lat' dir='ltr'>gem,</span> <span class='ocrx_word' id='word_1_24' title='bbox 667 1153 849 1226; x_wconf 84' lang='lat' dir='ltr'>quae</span> <span class='ocrx_word' id='word_1_25' title='bbox 875 1148 1144 1226; x_wconf 84' lang='lat' dir='ltr'>praeter</span> <span class='ocrx_word' id='word_1_26' title='bbox 1168 1130 1458 1204; x_wconf 83' lang='lat' dir='ltr'><strong>Thebas</strong></span> <span class='ocrx_word' id='word_1_27' title='bbox 1486 1127 2021 1203; x_wconf 82' lang='lat' dir='ltr'>Demetriadem</span> <span class='ocrx_word' id='word_1_28' title='bbox 2042 1128 2331 1206; x_wconf 86' lang='lat' dir='ltr'>cursum</span> 
     </span>
     <span class='ocr_line' id='line_1_5' title="bbox 353 1247 2325 1348; baseline 0.001 -25"><span class='ocrx_word' id='word_1_29' title='bbox 353 1261 408 1294; x_wconf 79' lang='lat'>‘⁶</span> <span class='ocrx_word' id='word_1_30' title='bbox 447 1248 857 1348; x_wconf 83' lang='lat' dir='ltr'>dirigerent,</span> <span class='ocrx_word' id='word_1_31' title='bbox 881 1247 1436 1347; x_wconf 85' lang='lat' dir='ltr'>negotiationem</span> <span class='ocrx_word' id='word_1_32' title='bbox 1463 1247 1893 1323; x_wconf 84' lang='lat' dir='ltr'>maritimam</span> <span class='ocrx_word' id='word_1_33' title='bbox 1920 1275 2213 1325; x_wconf 86' lang='lat' dir='ltr'>omnem</span> <span class='ocrx_word' id='word_1_34' title='bbox 2233 1277 2325 1326; x_wconf 90' lang='lat' dir='ltr'>eo</span> 
     </span>
     <span class='ocr_line' id='line_1_6' title="bbox 353 1367 2329 1468; baseline 0.002 -25"><span class='ocrx_word' id='word_1_35' title='bbox 353 1382 406 1415; x_wconf 88' lang='lat'><strong>“</strong></span> <span class='ocrx_word' id='word_1_36' title='bbox 437 1368 770 1443; x_wconf 85' lang='lat' dir='ltr'>avertiffe.</span> <span class='ocrx_word' id='word_1_37' title='bbox 869 1370 1034 1464; x_wconf 89' lang='lat' dir='ltr'>Jam</span> <span class='ocrx_word' id='word_1_38' title='bbox 1089 1395 1178 1442; x_wconf 88' lang='lat' dir='ltr'>ne</span> <span class='ocrx_word' id='word_1_39' title='bbox 1230 1395 1273 1442; x_wconf 88' lang='lat' dir='ltr'>a</span> <span class='ocrx_word' id='word_1_40' title='bbox 1321 1367 1569 1466; x_wconf 85' lang='lat' dir='ltr'>legatis</span> <span class='ocrx_word' id='word_1_41' title='bbox 1612 1368 1943 1466; x_wconf 88' lang='lat' dir='ltr'>quidem,</span> <span class='ocrx_word' id='word_1_42' title='bbox 1989 1369 2121 1468; x_wconf 89' lang='lat' dir='ltr'>qui</span> <span class='ocrx_word' id='word_1_43' title='bbox 2164 1371 2329 1468; x_wconf 86' lang='lat' dir='ltr'>jure</span> 
     </span>
     <span class='ocr_line' id='line_1_7' title="bbox 353 1487 2327 1588; baseline 0.001 -25"><span class='ocrx_word' id='word_1_44' title='bbox 353 1501 407 1534; x_wconf 86' lang='lat'><strong>“</strong></span> <span class='ocrx_word' id='word_1_45' title='bbox 446 1489 776 1588; x_wconf 87' lang='lat' dir='ltr'>gentium</span> <span class='ocrx_word' id='word_1_46' title='bbox 809 1487 1025 1562; x_wconf 65' lang='lat' dir='ltr'>sancti</span> <span class='ocrx_word' id='word_1_47' title='bbox 1053 1491 1209 1576; x_wconf 89' lang='lat' dir='ltr'>fint,</span> <span class='ocrx_word' id='word_1_48' title='bbox 1232 1487 1581 1564; x_wconf 85' lang='lat' dir='ltr'>violandis</span> <span class='ocrx_word' id='word_1_49' title='bbox 1608 1487 1977 1564; x_wconf 86' lang='lat' dir='ltr'>abstinere.</span> <span class='ocrx_word' id='word_1_50' title='bbox 2078 1487 2327 1565; x_wconf 83' lang='lat' dir='ltr'>Infidi-</span> 
     </span>
     <span class='ocr_line' id='line_1_8' title="bbox 359 1607 2333 1712; baseline 0.002 -30"><span class='ocrx_word' id='word_1_51' title='bbox 359 1621 412 1653; x_wconf 88' lang='lat'><strong>“</strong></span> <span class='ocrx_word' id='word_1_52' title='bbox 448 1635 522 1682; x_wconf 83' lang='lat' dir='ltr'>as</span> <span class='ocrx_word' id='word_1_53' title='bbox 572 1611 818 1708; x_wconf 70' lang='lat' dir='ltr'>positas</span> <span class='ocrx_word' id='word_1_54' title='bbox 865 1607 1202 1683; x_wconf 86' lang='lat' dir='ltr'>euntibus</span> <span class='ocrx_word' id='word_1_55' title='bbox 1241 1609 1332 1682; x_wconf 88' lang='lat' dir='ltr'>ad</span> <span class='ocrx_word' id='word_1_56' title='bbox 1377 1611 1470 1682; x_wconf 89' lang='grc' dir='ltr'>Τ.</span> <span class='ocrx_word' id='word_1_57' title='bbox 1517 1609 1977 1712; x_wconf 72' lang='lat' dir='ltr'>Qinfflum.</span> <span class='ocrx_word' id='word_1_58' title='bbox 2079 1611 2333 1709; x_wconf 88' lang='lat' dir='ltr'>Itaque</span> 
     </span>
     <span class='ocr_line' id='line_1_9' title="bbox 357 1728 2331 1828; baseline 0.001 -24"><span class='ocrx_word' id='word_1_59' title='bbox 357 1737 414 1774; x_wconf 82' lang='lat'>‘⁶</span> <span class='ocrx_word' id='word_1_60' title='bbox 451 1755 622 1828; x_wconf 89' lang='lat' dir='ltr'>ergo</span> <span class='ocrx_word' id='word_1_61' title='bbox 657 1728 730 1803; x_wconf 87' lang='lat' dir='ltr'>in</span> <span class='ocrx_word' id='word_1_62' title='bbox 759 1750 1036 1804; x_wconf 86' lang='lat' dir='ltr'>tantum</span> <span class='ocrx_word' id='word_1_63' title='bbox 1065 1750 1340 1802; x_wconf 88' lang='lat' dir='ltr'>metum</span> <span class='ocrx_word' id='word_1_64' title='bbox 1374 1754 1624 1818; x_wconf 86' lang='lat' dir='ltr'>omnes</span> <span class='ocrx_word' id='word_1_65' title='bbox 1650 1731 2015 1804; x_wconf 75' lang='lat' dir='ltr'>Thessalos</span> <span class='ocrx_word' id='word_1_66' title='bbox 2050 1733 2331 1828; x_wconf 88' lang='lat' dir='ltr'>conjec-</span> 
     </span>
     <span class='ocr_line' id='line_1_10' title="bbox 355 1847 2332 1937; baseline 0.001 -13"><span class='ocrx_word' id='word_1_67' title='bbox 355 1861 410 1894; x_wconf 87' lang='lat'><strong>“</strong></span> <span class='ocrx_word' id='word_1_68' title='bbox 451 1869 586 1937; x_wconf 62' lang='lat' dir='ltr'>tos»,</span> <span class='ocrx_word' id='word_1_69' title='bbox 623 1871 704 1923; x_wconf 93' lang='lat' dir='ltr'>ut</span> <span class='ocrx_word' id='word_1_70' title='bbox 737 1847 980 1923; x_wconf 86' lang='lat' dir='ltr'>nonin</span> <span class='ocrx_word' id='word_1_71' title='bbox 1009 1847 1416 1922; x_wconf 87' lang='lat' dir='ltr'>civitatibus</span> <span class='ocrx_word' id='word_1_72' title='bbox 1449 1847 1615 1937; x_wconf 87' lang='lat' dir='ltr'>suis,</span> <span class='ocrx_word' id='word_1_73' title='bbox 1643 1875 1789 1924; x_wconf 88' lang='lat' dir='ltr'>non</span> <span class='ocrx_word' id='word_1_74' title='bbox 1819 1850 1895 1925; x_wconf 91' lang='lat' dir='ltr'>in</span> <span class='ocrx_word' id='word_1_75' title='bbox 1922 1851 2332 1926; x_wconf 88' lang='lat' dir='ltr'>communi·</span> 
     </span>
     <span class='ocr_line' id='line_1_11' title="bbox 358 1966 2333 2069; baseline 0.001 -23"><span class='ocrx_word' id='word_1_76' title='bbox 358 1979 412 2014; x_wconf 89' lang='lat'><strong>“</strong></span> <span class='ocrx_word' id='word_1_77' title='bbox 451 1973 587 2046; x_wconf 90' lang='lat' dir='ltr'>bus</span> <span class='ocrx_word' id='word_1_78' title='bbox 641 1967 870 2069; x_wconf 83' lang='lat' dir='ltr'>gentis</span> <span class='ocrx_word' id='word_1_79' title='bbox 914 1966 1262 2056; x_wconf 77' lang='lat' dir='ltr'>conciliiS,</span> <span class='ocrx_word' id='word_1_80' title='bbox 1311 1966 1691 2066; x_wconf 90' lang='lat' dir='ltr'>quisquam</span> <span class='ocrx_word' id='word_1_81' title='bbox 1744 1969 2007 2046; x_wconf 86' lang='lat' dir='ltr'>hiscere</span> <span class='ocrx_word' id='word_1_82' title='bbox 2048 1972 2333 2048; x_wconf 84' lang='lat' dir='ltr'>audeat.</span> 
     </span>
     <span class='ocr_line' id='line_1_12' title="bbox 354 2087 2322 2166; baseline 0.001 -1"><span class='ocrx_word' id='word_1_83' title='bbox 354 2101 410 2137; x_wconf 85' lang='lat'><strong>“</strong></span> <span class='ocrx_word' id='word_1_84' title='bbox 449 2089 706 2165; x_wconf 88' lang='lat' dir='ltr'>Procul</span> <span class='ocrx_word' id='word_1_85' title='bbox 733 2087 925 2162; x_wconf 88' lang='lat' dir='ltr'>enim</span> <span class='ocrx_word' id='word_1_86' title='bbox 955 2089 1180 2162; x_wconf 88' lang='lat' dir='ltr'>abeffe</span> <span class='ocrx_word' id='word_1_87' title='bbox 1201 2087 1538 2162; x_wconf 85' lang='lat' dir='ltr'>libertatis</span> <span class='ocrx_word' id='word_1_88' title='bbox 1564 2091 1883 2164; x_wconf 70' lang='lat' dir='ltr'>auctores</span> <span class='ocrx_word' id='word_1_89' title='bbox 1916 2093 2322 2166; x_wconf 81' lang='lat' dir='ltr'>Romanos=</span> 
     </span>
     <span class='ocr_line' id='line_1_13' title="bbox 353 2209 2323 2310; baseline -0.001 -23"><span class='ocrx_word' id='word_1_90' title='bbox 353 2224 408 2260; x_wconf 82' lang='lat'>‘⁶</span> <span class='ocrx_word' id='word_1_91' title='bbox 446 2213 644 2288; x_wconf 84' lang='lat' dir='ltr'>lateri</span> <span class='ocrx_word' id='word_1_92' title='bbox 697 2212 1068 2285; x_wconf 84' lang='lat' dir='ltr'>adhaerere</span> <span class='ocrx_word' id='word_1_93' title='bbox 1115 2236 1401 2309; x_wconf 87' lang='lat' dir='ltr'>gravem</span> <span class='ocrx_word' id='word_1_94' title='bbox 1461 2209 1876 2300; x_wconf 86' lang='lat' dir='ltr'>dominum,</span> <span class='ocrx_word' id='word_1_95' title='bbox 1936 2210 2323 2310; x_wconf 87' lang='lat' dir='ltr'>prohiben-</span> 
     </span>
     <span class='ocr_line' id='line_1_14' title="bbox 358 2329 2331 2434; baseline -0.001 -26"><span class='ocrx_word' id='word_1_96' title='bbox 358 2344 412 2378; x_wconf 90' lang='lat'><strong>“</strong></span> <span class='ocrx_word' id='word_1_97' title='bbox 451 2355 597 2414; x_wconf 84' lang='lat' dir='ltr'>tem</span> <span class='ocrx_word' id='word_1_98' title='bbox 651 2332 760 2406; x_wconf 89' lang='lat' dir='ltr'>uti</span> <span class='ocrx_word' id='word_1_99' title='bbox 820 2329 1182 2407; x_wconf 87' lang='lat' dir='ltr'>beneficiis</span> <span class='ocrx_word' id='word_1_100' title='bbox 1227 2329 1477 2429; x_wconf 91' lang='lat' dir='ltr'>populi</span> <span class='ocrx_word' id='word_1_101' title='bbox 1522 2331 1865 2406; x_wconf 85' lang='lat' dir='ltr'>Romani.</span> <span class='ocrx_word' id='word_1_102' title='bbox 1964 2330 2171 2434; x_wconf 81' lang='lat' dir='ltr'>Qid</span> <span class='ocrx_word' id='word_1_103' title='bbox 2204 2357 2331 2406; x_wconf 87' lang='lat' dir='ltr'>au-</span> 
     </span>
     <span class='ocr_line' id='line_1_15' title="bbox 359 2448 2332 2540; baseline 0 -13"><span class='ocrx_word' id='word_1_104' title='bbox 359 2465 414 2498; x_wconf 89' lang='lat'><strong>“</strong></span> <span class='ocrx_word' id='word_1_105' title='bbox 447 2477 620 2540; x_wconf 89' lang='lat' dir='ltr'>tem,</span> <span class='ocrx_word' id='word_1_106' title='bbox 654 2455 702 2527; x_wconf 89' lang='lat' dir='ltr'>fi</span> <span class='ocrx_word' id='word_1_107' title='bbox 722 2475 866 2524; x_wconf 83' lang='lat' dir='ltr'>vox</span> <span class='ocrx_word' id='word_1_108' title='bbox 886 2448 1106 2525; x_wconf 85' lang='lat' dir='ltr'>libera</span> <span class='ocrx_word' id='word_1_109' title='bbox 1137 2475 1285 2525; x_wconf 87' lang='lat' dir='ltr'>non</span> <span class='ocrx_word' id='word_1_110' title='bbox 1317 2454 1422 2539; x_wconf 84' lang='lat' dir='ltr'>fit,</span> <span class='ocrx_word' id='word_1_111' title='bbox 1472 2450 1781 2526; x_wconf 91' lang='lat' dir='ltr'>liberum</span> <span class='ocrx_word' id='word_1_112' title='bbox 1814 2453 2005 2528; x_wconf 81' lang='lat' dir='ltr'>effe?</span> <span class='ocrx_word' id='word_1_113' title='bbox 2106 2455 2332 2527; x_wconf 92' lang='lat' dir='ltr'>Nunc</span> 
     </span>
     <span class='ocr_line' id='line_1_16' title="bbox 355 2569 2331 2672; baseline -0.001 -25"><span class='ocrx_word' id='word_1_114' title='bbox 355 2584 412 2618; x_wconf 87' lang='lat'><strong>“</strong></span> <span class='ocrx_word' id='word_1_115' title='bbox 445 2571 514 2647; x_wconf 91' lang='lat' dir='ltr'>se</span> <span class='ocrx_word' id='word_1_116' title='bbox 570 2569 838 2646; x_wconf 85' lang='lat' dir='ltr'>fiducia</span> <span class='ocrx_word' id='word_1_117' title='bbox 888 2575 954 2644; x_wconf 88' lang='lat'>&amp;</span> <span class='ocrx_word' id='word_1_118' title='bbox 1002 2569 1344 2668; x_wconf 85' lang='lat' dir='ltr'>praefidio</span> <span class='ocrx_word' id='word_1_119' title='bbox 1407 2571 1804 2670; x_wconf 87' lang='lat' dir='ltr'>legatorum</span> <span class='ocrx_word' id='word_1_120' title='bbox 1868 2569 2331 2672; x_wconf 86' lang='lat' dir='ltr'>ingemiscere</span> 
     </span>
     <span class='ocr_line' id='line_1_17' title="bbox 351 2689 2335 2792; baseline -0.001 -25"><span class='ocrx_word' id='word_1_121' title='bbox 351 2691 701 2792; x_wconf 21' lang='lat' dir='ltr'>“imagiffi</span> <span class='ocrx_word' id='word_1_122' title='bbox 764 2715 984 2789; x_wconf 86' lang='lat' dir='ltr'>quam</span> <span class='ocrx_word' id='word_1_123' title='bbox 1037 2690 1264 2788; x_wconf 89' lang='lat' dir='ltr'>loqui.</span> <span class='ocrx_word' id='word_1_124' title='bbox 1377 2689 1536 2765; x_wconf 88' lang='lat' dir='ltr'>Nifi</span> <span class='ocrx_word' id='word_1_125' title='bbox 1596 2691 2015 2789; x_wconf 85' lang='lat' dir='ltr'>provideant</span> <span class='ocrx_word' id='word_1_126' title='bbox 2057 2689 2335 2790; x_wconf 83' lang='lat' dir='ltr'>aliquid</span> 
     </span>
     <span class='ocr_line' id='line_1_18' title="bbox 357 2809 2334 2911; baseline 0 -24"><span class='ocrx_word' id='word_1_127' title='bbox 357 2824 412 2857; x_wconf 86' lang='lat'><strong>“</strong></span> <span class='ocrx_word' id='word_1_128' title='bbox 450 2810 796 2901; x_wconf 88' lang='lat' dir='ltr'>Romani,</span> <span class='ocrx_word' id='word_1_129' title='bbox 842 2838 992 2911; x_wconf 93' lang='lat' dir='ltr'>quo</span> <span class='ocrx_word' id='word_1_130' title='bbox 1023 2815 1094 2886; x_wconf 74' lang='grc' dir='ltr'>ὅτ</span> <span class='ocrx_word' id='word_1_131' title='bbox 1129 2809 1420 2886; x_wconf 86' lang='lat' dir='ltr'>Graecis</span> <span class='ocrx_word' id='word_1_132' title='bbox 1453 2810 1965 2888; x_wconf 84' lang='lat' dir='ltr'>Macedoniarn</span> <span class='ocrx_word' id='word_1_133' title='bbox 1998 2812 2334 2888; x_wconf 80' lang='lat' dir='ltr'>adcolen-</span> 
     </span>
     <span class='ocr_line' id='line_1_19' title="bbox 358 2929 2335 3030; baseline 0 -24"><span class='ocrx_word' id='word_1_134' title='bbox 358 2943 414 2979; x_wconf 86' lang='lat'><strong>“</strong></span> <span class='ocrx_word' id='word_1_135' title='bbox 452 2931 644 3008; x_wconf 89' lang='lat' dir='ltr'>tibus</span> <span class='ocrx_word' id='word_1_136' title='bbox 675 2953 936 3020; x_wconf 64' lang='lat' dir='ltr'>metus»,</span> <span class='ocrx_word' id='word_1_137' title='bbox 997 2936 1066 3006; x_wconf 83' lang='lat'>&amp;</span> <span class='ocrx_word' id='word_1_138' title='bbox 1091 2929 1390 3006; x_wconf 84' lang='lat' dir='ltr'>audacia</span> <span class='ocrx_word' id='word_1_139' title='bbox 1420 2929 1737 3030; x_wconf 86' lang='lat' dir='ltr'>Philippi</span> <span class='ocrx_word' id='word_1_140' title='bbox 1766 2930 2156 3021; x_wconf 85' lang='lat' dir='ltr'>minuatur,</span> <span class='ocrx_word' id='word_1_141' title='bbox 2210 2957 2335 3006; x_wconf 86' lang='lat' dir='ltr'>ne-</span> 
     </span>
     <span class='ocr_line' id='line_1_20' title="bbox 357 3049 2334 3151; baseline 0.001 -26"><span class='ocrx_word' id='word_1_142' title='bbox 357 3063 412 3099; x_wconf 87' lang='lat'><strong>“</strong></span> <span class='ocrx_word' id='word_1_143' title='bbox 450 3050 858 3151; x_wconf 87' lang='lat' dir='ltr'>quidquam</span> <span class='ocrx_word' id='word_1_144' title='bbox 900 3051 976 3124; x_wconf 77' lang='grc' dir='ltr'>ὅτ</span> <span class='ocrx_word' id='word_1_145' title='bbox 1021 3052 1230 3125; x_wconf 86' lang='lat' dir='ltr'>illum</span> <span class='ocrx_word' id='word_1_146' title='bbox 1261 3050 1566 3140; x_wconf 66' lang='lat' dir='ltr'>victum,</span> <span class='ocrx_word' id='word_1_147' title='bbox 1614 3055 1685 3126; x_wconf 74' lang='grc' dir='ltr'>ὅτ</span> <span class='ocrx_word' id='word_1_148' title='bbox 1715 3049 1785 3126; x_wconf 92' lang='lat' dir='ltr'>se</span> <span class='ocrx_word' id='word_1_149' title='bbox 1814 3050 2143 3126; x_wconf 86' lang='lat' dir='ltr'>liberatos</span> <span class='ocrx_word' id='word_1_150' title='bbox 2174 3053 2334 3127; x_wconf 83' lang='lat' dir='ltr'>effe.</span> 
     </span>
     <span class='ocr_line' id='line_1_21' title="bbox 359 3169 2332 3272; baseline -0.002 -23"><span class='ocrx_word' id='word_1_151' title='bbox 359 3185 413 3219; x_wconf 90' lang='lat'><strong>“</strong></span> <span class='ocrx_word' id='word_1_152' title='bbox 451 3176 562 3250; x_wconf 89' lang='lat' dir='ltr'>Ut</span> <span class='ocrx_word' id='word_1_153' title='bbox 594 3197 868 3272; x_wconf 87' lang='lat' dir='ltr'>equum</span> <span class='ocrx_word' id='word_1_154' title='bbox 901 3192 1248 3260; x_wconf 88' lang='lat' dir='ltr'>tenacem,</span> <span class='ocrx_word' id='word_1_155' title='bbox 1278 3197 1422 3246; x_wconf 87' lang='lat' dir='ltr'>non</span> <span class='ocrx_word' id='word_1_156' title='bbox 1449 3191 1811 3270; x_wconf 85' lang='lat' dir='ltr'>parentem</span> <span class='ocrx_word' id='word_1_157' title='bbox 1830 3169 2048 3246; x_wconf 83' lang='lat' dir='ltr'>frenis</span> <span class='ocrx_word' id='word_1_158' title='bbox 2076 3169 2332 3271; x_wconf 84' lang='lat' dir='ltr'>asperi-</span> 
     </span>
     <span class='ocr_line' id='line_1_22' title="bbox 359 3291 2335 3392; baseline -0.001 -24"><span class='ocrx_word' id='word_1_159' title='bbox 359 3305 413 3339; x_wconf 88' lang='lat'><strong>“</strong></span> <span class='ocrx_word' id='word_1_160' title='bbox 449 3294 694 3370; x_wconf 86' lang='lat' dir='ltr'>oribus</span> <span class='ocrx_word' id='word_1_161' title='bbox 727 3293 1218 3392; x_wconf 86' lang='lat' dir='ltr'>castigandum</span> <span class='ocrx_word' id='word_1_162' title='bbox 1247 3293 1448 3366; x_wconf 86' lang='lat' dir='ltr'>effe.”</span> <span class='ocrx_word' id='word_1_163' title='bbox 1547 3291 1757 3366; x_wconf 85' lang='lat' dir='ltr'>Haec</span> <span class='ocrx_word' id='word_1_164' title='bbox 1784 3293 2036 3368; x_wconf 80' lang='lat' dir='ltr'>acerbe</span> <span class='ocrx_word' id='word_1_165' title='bbox 2068 3292 2335 3392; x_wconf 85' lang='lat' dir='ltr'>postre-</span> 
     </span>
     <span class='ocr_line' id='line_1_23' title="bbox 356 3410 2331 3513; baseline -0.002 -23"><span class='ocrx_word' id='word_1_166' title='bbox 356 3414 464 3490; x_wconf 88' lang='lat' dir='ltr'>mi</span> <span class='ocrx_word' id='word_1_167' title='bbox 492 3443 510 3487; x_wconf 76' lang='lat' dir='ltr'>z</span> <span class='ocrx_word' id='word_1_168' title='bbox 564 3439 798 3512; x_wconf 86' lang='lat' dir='ltr'>quum</span> <span class='ocrx_word' id='word_1_169' title='bbox 831 3413 1094 3513; x_wconf 87' lang='lat' dir='ltr'>priores</span> <span class='ocrx_word' id='word_1_170' title='bbox 1125 3410 1376 3486; x_wconf 86' lang='lat' dir='ltr'>leniter</span> <span class='ocrx_word' id='word_1_171' title='bbox 1405 3413 1911 3510; x_wconf 86' lang='lat' dir='ltr'>permulfiffent</span> <span class='ocrx_word' id='word_1_172' title='bbox 1942 3410 2119 3487; x_wconf 83' lang='lat' dir='ltr'>iram</span> <span class='ocrx_word' id='word_1_173' title='bbox 2154 3413 2331 3508; x_wconf 75' lang='lat' dir='ltr'>eju3,</span> 
     </span>
     <span class='ocr_line' id='line_1_24' title="bbox 355 3531 2334 3632; baseline -0.002 -24"><span class='ocrx_word' id='word_1_174' title='bbox 355 3553 702 3632; x_wconf 71' lang='lat' dir='ltr'>petenteS,</span> <span class='ocrx_word' id='word_1_175' title='bbox 763 3542 813 3577; x_wconf 75' lang='lat'>‘⁶</span> <span class='ocrx_word' id='word_1_176' title='bbox 852 3537 964 3608; x_wconf 87' lang='lat' dir='ltr'>Ut</span> <span class='ocrx_word' id='word_1_177' title='bbox 1017 3531 1407 3632; x_wconf 84' lang='lat' dir='ltr'>ignosceret</span> <span class='ocrx_word' id='word_1_178' title='bbox 1448 3556 1581 3628; x_wconf 89' lang='lat' dir='ltr'>pro</span> <span class='ocrx_word' id='word_1_179' title='bbox 1614 3531 1931 3606; x_wconf 87' lang='lat' dir='ltr'>libertate</span> <span class='ocrx_word' id='word_1_180' title='bbox 1975 3531 2334 3632; x_wconf 85' lang='lat' dir='ltr'>loquenti-</span> 
     </span>
     <span class='ocr_line' id='line_1_25' title="bbox 357 3649 2333 3752; baseline -0.002 -23"><span class='ocrx_word' id='word_1_181' title='bbox 357 3663 410 3698; x_wconf 89' lang='lat'><strong>“</strong></span> <span class='ocrx_word' id='word_1_182' title='bbox 449 3657 628 3741; x_wconf 83' lang='lat' dir='ltr'>bus;</span> <span class='ocrx_word' id='word_1_183' title='bbox 681 3657 750 3728; x_wconf 76' lang='grc' dir='ltr'>δε</span> <span class='ocrx_word' id='word_1_184' title='bbox 785 3675 893 3742; x_wconf 89' lang='lat' dir='ltr'>ut,</span> <span class='ocrx_word' id='word_1_185' title='bbox 947 3654 1260 3752; x_wconf 79' lang='lat' dir='ltr'>depofita</span> <span class='ocrx_word' id='word_1_186' title='bbox 1289 3651 1571 3726; x_wconf 85' lang='lat' dir='ltr'>domini</span> <span class='ocrx_word' id='word_1_187' title='bbox 1604 3651 2011 3738; x_wconf 83' lang='lat' dir='ltr'>acerbitate,</span> <span class='ocrx_word' id='word_1_188' title='bbox 2056 3649 2333 3726; x_wconf 85' lang='lat' dir='ltr'>adsues-</span> 
     </span>
     <span class='ocr_line' id='line_1_26' title="bbox 357 3769 2335 3871; baseline -0.002 -22"><span class='ocrx_word' id='word_1_189' title='bbox 357 3785 410 3818; x_wconf 90' lang='lat'><strong>“</strong></span> <span class='ocrx_word' id='word_1_190' title='bbox 447 3795 638 3849; x_wconf 87' lang='lat' dir='ltr'>ceret</span> <span class='ocrx_word' id='word_1_191' title='bbox 689 3771 964 3850; x_wconf 87' lang='lat' dir='ltr'>socium</span> <span class='ocrx_word' id='word_1_192' title='bbox 1014 3795 1229 3871; x_wconf 86' lang='lat' dir='ltr'>atque</span> <span class='ocrx_word' id='word_1_193' title='bbox 1285 3769 1606 3847; x_wconf 87' lang='lat' dir='ltr'>amicum</span> <span class='ocrx_word' id='word_1_194' title='bbox 1646 3769 1782 3846; x_wconf 87' lang='lat' dir='ltr'>sese</span> <span class='ocrx_word' id='word_1_195' title='bbox 1826 3771 2164 3871; x_wconf 74' lang='lat' dir='ltr'>praestare</span> <span class='ocrx_word' id='word_1_196' title='bbox 2186 3803 2211 3858; x_wconf 86' lang='lat'>3</span> <span class='ocrx_word' id='word_1_197' title='bbox 2264 3773 2335 3846; x_wconf 73' lang='grc' dir='ltr'>δι</span> 
     </span>
     <span class='ocr_line' id='line_1_27' title="bbox 358 3891 2355 3996; baseline -0.002 -27"><span class='ocrx_word' id='word_1_198' title='bbox 358 3893 842 3969; x_wconf 86' lang='lat' dir='ltr'>“imitaretur</span> <span class='ocrx_word' id='word_1_199' title='bbox 899 3895 1252 3993; x_wconf 87' lang='lat' dir='ltr'>populum</span> <span class='ocrx_word' id='word_1_200' title='bbox 1319 3891 1769 3980; x_wconf 85' lang='lat' dir='ltr'>Romanum,</span> <span class='ocrx_word' id='word_1_201' title='bbox 1821 3891 1955 3990; x_wconf 90' lang='lat' dir='ltr'>qui</span> <span class='ocrx_word' id='word_1_202' title='bbox 2021 3891 2355 3996; x_wconf 49' lang='lat' dir='ltr'>caritate„</span> 
     </span>
     <span class='ocr_line' id='line_1_28' title="bbox 358 4007 2333 4114; baseline -0.003 -24"><span class='ocrx_word' id='word_1_203' title='bbox 358 4026 410 4060; x_wconf 81' lang='lat'>‘⁸</span> <span class='ocrx_word' id='word_1_204' title='bbox 449 4040 666 4114; x_wconf 84' lang='lat' dir='ltr'>quam</span> <span class='ocrx_word' id='word_1_205' title='bbox 695 4035 921 4103; x_wconf 85' lang='lat' dir='ltr'>metu,</span> <span class='ocrx_word' id='word_1_206' title='bbox 941 4013 1325 4112; x_wconf 85' lang='lat' dir='ltr'>adjungere</span> <span class='ocrx_word' id='word_1_207' title='bbox 1353 4008 1479 4086; x_wconf 83' lang='lat' dir='ltr'>fibi</span> <span class='ocrx_word' id='word_1_208' title='bbox 1499 4009 1723 4086; x_wconf 90' lang='lat' dir='ltr'>socios</span> <span class='ocrx_word' id='word_1_209' title='bbox 1748 4012 2058 4086; x_wconf 85' lang='lat' dir='ltr'>mallet.”</span> <span class='ocrx_word' id='word_1_210' title='bbox 2108 4007 2333 4086; x_wconf 85' lang='lat' dir='ltr'>Thes-</span> 
     </span>
     <span class='ocr_line' id='line_1_29' title="bbox 357 4130 2335 4231; baseline -0.002 -22"><span class='ocrx_word' id='word_1_211' title='bbox 357 4133 512 4210; x_wconf 70' lang='lat' dir='ltr'>salis</span> <span class='ocrx_word' id='word_1_212' title='bbox 566 4133 856 4222; x_wconf 77' lang='lat' dir='ltr'>auditis,</span> <span class='ocrx_word' id='word_1_213' title='bbox 909 4130 1288 4209; x_wconf 82' lang='lat' dir='ltr'>Perrhaebi</span> <span class='ocrx_word' id='word_1_214' title='bbox 1347 4133 2043 4231; x_wconf 77' lang='lat' dir='ltr'>Gonnocondylum,</span> <span class='ocrx_word' id='word_1_215' title='bbox 2128 4130 2335 4228; x_wconf 86' lang='lat' dir='ltr'>quod</span> 
     </span>
    </p>
   </div>
  </div>
 </body>
</html>
