3100 5359
771 825 864 898 T.
916 825 1218 899 LIVII
1277 827 1857 902 PATAVINI

453 1059 2121 1181 HISTORIARUM

605 1347 776 1426 AB
853 1349 1238 1430 URBE
1313 1351 1999 1429 CONDITA

931 1633 1607 1731 LIBRI.

719 2081 1192 2146 EPITOME
1255 2089 1538 2150 LIBRI
1595 2093 1947 2155 XXXVIII.

321 2261 533 2414 M
582 2333 938 2428 FULVIUS
1031 2343 1282 2450 consul
1317 2347 1398 2424 in
1463 2345 1699 2452 Epiro
1737 2345 2283 2450 Ambracienses

316 2489 590 2600 Offssos
626 2495 702 2572 in
744 2493 1154 2574 deditionem
1190 2490 1493 2598 accepit,
1538 2490 2073 2599 Cephalleniam
2079 2490 2277 2600 sub-

316 2623 496 2727 egit,
529 2625 810 2705 Aetolis
833 2623 1253 2735 perdomitis
1263 2639 1516 2729 pacem
1556 2619 1773 2706 dedit.
1854 2628 1999 2706 Cn.
2031 2627 2275 2704 Man-

311 2751 452 2833 lius
480 2756 744 2860 consul,
775 2757 1039 2862 collega
1066 2753 1240 2861 ejus,
1268 2752 1779 2860 Gallograecos
1809 2751 2265 2863 Tolistobojos,

315 2885 404 2964 &³
441 2880 882 2996 Tec‘losagos,
939 2888 1028 2967 &²
1067 2883 1424 2980 Trocmos,
1478 2885 1610 2994 qui
1642 2883 1939 2966 Brenno
1976 2889 2152 2969 duce
2194 2889 2275 2968 in

211 3011 222 3028 “
314 3019 572 3123 Afiam
633 3021 1104 3126 transterant,
1181 3043 1394 3127 quum
1435 3015 1597 3124 soli
1677 3017 1872 3097 citra
1947 3016 2275 3100 Taurum

310 3169 614 3230 montem
649 3177 787 3228 non
811 3166 1195 3258 parerent,
1262 3148 1474 3228 vicit.
1594 3147 1871 3230 Eorum
1905 3151 2129 3257 origo,
2186 3151 2275 3232 δεῖ

311 3279 886 3394 quemadmodum
912 3311 996 3360 ea
1015 3282 1194 3374 loca,
1226 3309 1410 3392 quae
1429 3299 1697 3380 tenent,
1726 3282 2269 3392 occupaverint,

307 3414 669 3519 refertur.
789 3413 1214 3524 Exemplum
1237 3440 1503 3521 quoque
1523 3413 1839 3493 virtutis
1860 3415 1947 3495 δέ’
1968 3413 2269 3522 pudici-

307 3547 460 3627 tiae
493 3545 572 3624 in
580 3545 876 3654 femina
904 3543 1264 3627 traditur.
1381 3546 1589 3624 Nam
1612 3574 1830 3654 quum
1861 3545 2267 3653 Ortiagon·

307 3678 430 3773 tis,
487 3676 682 3784 regis
744 3675 1406 3785 Gallograecorum,
1479 3706 1664 3757 uxor
1720 3677 2023 3784 captiva
2086 3679 2267 3786 fft·

305 3809 789 3890 centurionem
817 3807 1182 3916 custodem,
1224 3807 1356 3916 qui
1376 3807 1446 3886 ei
1472 3807 1626 3887 vim
1661 3807 2042 3904 intulerat,
2074 3810 2263 3890 occi-

303 3940 436 4024 dit.
557 3939 910 4046 Lustrum
943 3968 992 4018 a
1019 3938 1415 4047 censoribus
1437 3938 1794 4020 conditum
1816 3941 1936 4044 est.
2052 3941 2270 4048 Censa

276 4078 470 4180 stent
533 4072 802 4155 civium
861 4071 1107 4179 capita
1154 4069 1460 4151 ducenta
1520 4072 2059 4181 quinquaginta
2117 4077 2265 4156 0570

1247 4223 1342 4296 Μ
