3100 5359
593 721 850 812 ⁵94
1393 695 2033 768 T-Lrvxr

745 868 822 947 in
881 889 1088 968 portu
1145 867 1320 944 stare
1371 866 1621 966 poffet,
1672 893 1904 968 quum
1960 864 2491 968 respondissent,
2568 895 2719 946 non

745 988 934 1088 pofl'e
947 1023 974 1077 3
1023 991 1326 1064 cauffarn
1361 992 1613 1064 nactus
1642 987 2080 1065 omittendae
2112 986 2239 1076 rei,
2290 989 2587 1066 Samum
2612 1015 2721 1065 re-

747 1109 958 1186 duxit
987 1135 1218 1184 naves.
2740 1109 2751 1120 '

839 1231 1114 1304 XVIII.
1212 1232 1348 1303 Per
1397 1228 1594 1303 idem
1628 1249 1909 1328 tempus
1940 1230 2304 1316 Seleucus,
2356 1226 2711 1304 Antiochi

744 1345 961 1435 filius,
1015 1371 1246 1446 quum
1279 1373 1404 1448 per
1433 1373 1651 1423 omne
1682 1347 2147 1424 hibernorum
2195 1368 2479 1446 tempus
2510 1373 2713 1422 exer-

743 1465 971 1542 citum
1005 1464 1081 1541 in
1115 1467 1422 1544 Aeolide
1443 1467 1917 1556 continuifl'et,
1956 1467 2210 1566 partim
2243 1464 2447 1542 sociis
2480 1465 2710 1542 feren·

742 1587 841 1662 do
889 1613 1130 1687 opem,
1197 1587 1480 1688 partim,
1547 1613 1730 1686 quos
1770 1587 1857 1662 'in
1916 1585 2319 1663 societatem
2370 1585 2705 1685 perlicere

742 1733 888 1782 non
921 1727 1216 1806 poterat,
1283 1707 1828 1806 depopulandis,
1880 1709 2155 1782 tranfire
2190 1705 2266 1780 in
2300 1708 2475 1780 fines
2508 1705 2712 1804 regni

747 1827 1120 1914 Eumenis,
1180 1827 1362 1902 dum
1399 1825 1458 1902 is
1489 1827 1743 1926 procul
1770 1829 1861 1904 ab
1897 1827 2119 1901 domo
2156 1851 2329 1902 cum
2362 1826 2719 1902 Romanis

741 1951 810 2022 δι
855 1947 1170 2022 Rhodiis
1221 1945 1490 2045 Lyciae
1533 1945 1883 2022 maritima
1912 1950 2382 2046 obpugnaret,
2442 1945 2709 2022 statuit.

739 2067 866 2144 Ad
913 2067 1206 2142 Elaeam
1237 2065 1472 2164 primo
1505 2066 1771 2142 infestis
1804 2065 2012 2166 signis
2054 2069 2363 2142 acceflit:
2414 2067 2709 2154 deinde,

739 2184 986 2264 omissa
1027 2185 1565 2287 obpugnatione
1595 2185 1819 2277 urbis,
1874 2211 2077 2286 agros
2109 2183 2451 2262 hostiliter
2482 2188 2707 2284 depo·

733 2307 1044 2407 pulatus,
1093 2309 1184 2382 ad
1217 2327 1434 2406 caput
1463 2331 1841 2405 arcemque
1870 2305 2067 2406 regni
2103 2307 2535 2406 Pergamum
2568 2307 2704 2381 du·

737 2426 840 2502 cit
883 2428 1482 2528 obpugnandum.
1594 2427 1877 2533 Attalus
1942 2423 2205 2524 primo,
2288 2424 2705 2503 stationibus

737 2568 900 2624 ante
931 2551 1185 2624 urbem
1213 2545 1474 2646 pofitis,
1541 2550 1615 2622 ὅτ
1646 2545 2173 2622 excurfionibus
2219 2543 2553 2645 equitum
2604 2547 2705 2621 le-

737 2667 980 2768 visque
1011 2687 1429 2755 armaturae,
1479 2665 1708 2766 tnagis
1736 2667 2128 2755 lacessebat,
2160 2691 2384 2766 quam
2419 2665 2709 2742 sustine-

737 2791 885 2877 bat,
933 2785 1232 2866 hostem.
1330 2787 1721 2875 Postremo,
1774 2812 2035 2886 quum,
2084 2811 2212 2883 per
2256 2785 2441 2862 levia
2497 2806 2715 2862 certa-
2866 2855 2869 2858 ,

737 2906 935 2984 mina
963 2927 1320 3010 expertus»,
1371 2907 1570 2983 nulla
1598 2927 1791 3006 parte
1840 2904 2108 2982 virium
2140 2903 2207 2980 se
2254 2931 2493 3005 parem
2540 2908 2707 2994 effe,

739 3025 921 3103 intra
943 3027 1228 3104 moenia
1256 3026 1326 3103 se
1355 3025 1740 3126 recepifl'et,
1774 3025 2073 3102 obfideri
2102 3029 2274 3104 urbs
2301 3045 2551 3126 coepta
2580 3025 2704 3104 est.

741 3149 1024 3224 Eodem
1055 3146 1274 3224 fenne
1307 3167 1622 3246 tempore
1670 3148 1746 3220 &
1774 3145 2206 3237 Antiochus,
2254 3149 2347 3224 ab
2378 3151 2703 3245 Apamea

735 3265 1118 3366 profectu&
1167 3267 1507 3345 Sardibus
1541 3265 1890 3366 primum,
1943 3266 2233 3356 deinde,
2284 3270 2479 3344 haud
2538 3292 2699 3366 pro-

735 3389 856 3464 cul
908 3387 1186 3464 Seleuci
1237 3387 1498 3476 castris,
1550 3388 1643 3462 ad
1676 3408 1895 3486 caput
1934 3387 2137 3463 Ca‘ici
2178 3387 2410 3464 amnis
2458 3387 2703 3464 stativa

735 3507 1015 3597 habuit,
1065 3533 1239 3583 cum
1263 3533 1526 3610 magno
1558 3507 1875 3584 exercitu
1900 3506 2145 3586 mixto.
2166 3507 2375 3584 variis
2408 3535 2499 3584 ex
2530 3534 2704 3608 gen-

736 3625 949 3705 tibus·
1049 3626 1454 3704 Plurimum
1510 3627 1787 3704 terroris
1830 3627 1909 3704 in
1956 3629 2331 3704 Gallorum
2374 3628 2703 3704 mercede

735 3746 1111 3824 conduclis
1137 3767 1442 3847 quatuor
1467 3747 1787 3826 millibus
1812 3769 1979 3824 erat.
2076 3751 2270 3838 Hos,
2306 3749 2550 3847 paucis
2576 3748 2703 3822 ad-

734 3866 1005 3958 mixtis»,
1086 3870 1179 3943 ad
1251 3867 1794 3968 pervastandum
1862 3871 2108 3968 paffim
2179 3872 2703 3969 Pergamenum

735 4013 989 4088 agrum
1021 3988 1225 4064 mifit.
1323 3993 1532 4090 Qae
1561 3987 1939 4088 postquam
1970 3991 2265 4066 Samum
2309 3991 2473 4068 sunt
2514 4015 2702 4064 nun-

731 4105 936 4196 ciata,
985 4106 1218 4208 primo
1247 4109 1639 4199 Eumenes,
1687 4129 2021 4186 avocatus
2052 4111 2445 4190 domestico
2476 4111 2694 4199 bello,
