3100 5359
743 693 819 765 L
872 717 899 763 1
962 717 1002 764 B
1062 716 1105 765 r.
1161 716 1207 765 R
1313 692 1704 766 XXXVII.
1863 762 1882 777 „
2094 717 2224 789 ¹23

261 862 509 939 Tertio
572 862 735 960 post
784 863 900 937 die
948 848 1262 936 Romani
1318 864 1519 937 fimul
1565 890 1810 937 omnes
1859 861 2232 960 transgrefii

258 982 439 1071 sunt,
491 988 569 1057 ὅτ
615 984 769 1055 duo
812 982 1035 1056 millia
1084 982 1225 1056 fere
1277 984 1351 1055 &
1402 982 1830 1080 quingentos
1883 984 2110 1077 paffus
2142 986 2232 1057 ab

259 1102 448 1177 hoste
482 1100 877 1200 posuerunt
921 1102 1154 1177 castra.
1257 1101 1702 1178 Metantibus
1737 1106 1800 1173 δι
1839 1100 2234 1174 muniendo
2340 1150 2366 1163 -

260 1221 655 1320 occupatis,
684 1220 813 1295 tria
857 1220 1078 1294 millia
1102 1223 1373 1295 delecta
1405 1221 1731 1318 equitum
1761 1218 2232 1317 peditumque

262 1341 623 1440 regiorum
642 1324 909 1440 'magno
929 1362 1183 1415 terrore
1216 1367 1296 1414 ac
1327 1342 1638 1414 tumultu
1663 1342 2024 1414 advenere.
2080 1340 2234 1413 Ali-

266 1482 537 1559 quanto
572 1460 963 1559 pauciores,
1000 1459 1128 1557 qui
1163 1459 1237 1533 in
1264 1458 1551 1533 statione
1582 1481 1800 1547 erant,
1829 1463 1976 1534 duo
1997 1482 2236 1535 tamen

267 1580 512 1668 millia,
550 1606 678 1679 per
711 1579 803 1666 se,
832 1582 1031 1653 nullo
1060 1607 1099 1652 a
1120 1580 1566 1653 munimento
1601 1581 1975 1654 castrorum
2011 1580 2236 1654 milite

270 1721 589 1788 avocate,
619 1704 689 1774 ὅτ
718 1699 949 1796 primo
976 1725 1285 1796 aequum
1323 1700 1671 1797 proelium
1702 1700 2105 1788 sustinuere,
2133 1703 2236 1789 ὅτ,

274 1820 619 1896 crescente
654 1819 1061 1905 certamine,
1098 1821 1519 1917 pepulerunt
1546 1820 1796 1905 hosteS,
1826 1842 2118 1896 centum
2147 1846 2237 1895 ex

276 1939 379 2013 his
410 1940 682 2027 occifiS,
719 1961 1005 2013 centum
1038 1938 1251 2012 ferme
1282 1939 1521 2036 captis,
1623 1942 1756 2015 Per
1775 1941 2238 2038 quatriduum

278 2058 645 2158 insequens
686 2058 1055 2133 instructae
1098 2058 1460 2156 utrimque
1500 2058 1681 2132 acies
1721 2085 1848 2157 pro
1881 2062 2062 2133 vallo
2109 2061 2238 2135 ste-

280 2198 436 2253 tere.
536 2178 821 2280 Qinto
860 2176 977 2251 die
1015 2177 1327 2251 Romani
1381 2181 1756 2275 processere
1798 2179 1872 2251 in
1917 2178 2241 2254 medium

283 2298 529 2397 campi.
633 2298 1037 2372 Antiochus
1090 2296 1269 2370 nihil
1326 2296 1682 2395 promovit
1739 2301 1951 2396 figna,
2012 2298 2107 2372 ita
2159 2321 2243 2372 ut

284 2418 573 2493 extremi
604 2418 842 2491 minus
868 2416 1063 2489 mille
1097 2418 1309 2515 pedes
1336 2443 1377 2489 a
1408 2418 1592 2489 vallo
1621 2419 1946 2493 abeffent.

372 2539 731 2613 XXXIX.
782 2534 1074 2623 Consul,
1105 2535 1474 2633 postquam
1504 2536 1862 2611 detrectari
1891 2559 2240 2614 certamen

286 2657 484 2745 vidit,
518 2658 795 2755 postero
829 2656 945 2729 die
975 2655 1049 2729 in
1084 2655 1455 2729 confilium
1489 2656 1882 2743 advocavit,
1949 2666 2000 2702 “
2037 2659 2242 2761 Qid

292 2787 337 2821 “
370 2777 489 2854 fibi
528 2776 937 2851 faciendum
968 2777 1157 2862 effet,
1193 2778 1239 2847 fi
1274 2775 1677 2849 Antiochus
1709 2780 2076 2877 pugnandi
2121 2806 2238 2855 co-

294 2906 343 2941 “
374 2896 564 2995 piam
614 2922 757 2970 non
806 2894 1113 2969 faceret?
1184 2896 1439 2985 Instare
1477 2894 1807 2971 hiemem.
1907 2906 2061 2974 Aut
2114 2901 2242 2976 sub

294 3026 341 3059 “
370 3016 673 3115 pellibus
702 3017 1064 3089 habendos
1098 3013 1354 3088 milites
1388 3012 1562 3102 fore,
1593 3036 1741 3103 aut,
1778 3020 1824 3089 fi
1857 3023 2242 3095 concedere

296 3145 341 3179 “
370 3136 441 3210 in
474 3135 770 3211 hiberna
798 3137 1084 3223 vellent,
1131 3133 1601 3208 differendum
1638 3138 1768 3208 effe
1815 3135 1888 3209 in
1923 3139 2244 3214 aestatem

294 3265 341 3299 “
372 3256 711 3331 bellurn.''
809 3255 1118 3329 Nullum
1180 3280 1531 3350 umquam
1601 3256 1873 3329 hostem
1933 3259 2246 3333 Romani

296 3402 505 3475 aeque
542 3373 1085 3450 contemserunt.
1184 3376 1728 3449 Conclamatum
1761 3375 2086 3474 undique
2119 3379 2243 3467 est,

300 3506 344 3541 ‘⁶
375 3498 668 3571 duceret
693 3496 1079 3590 extemplo,
1106 3494 1183 3565 &
1211 3514 1526 3569 uteretur
1552 3496 1796 3569 ardore
1844 3496 2156 3572 militum
2179 3503 2246 3573 :’'

297 3616 439 3715 qui,
480 3637 849 3713 tamquam
894 3639 1041 3687 non
1089 3617 1562 3713 pugnandum
1597 3641 1762 3689 cum
1797 3636 1902 3691 tot
1935 3615 2248 3694 millibus

298 3736 627 3823 hostiurn,
680 3732 801 3807 sed
852 3759 976 3832 par
1024 3758 1359 3807 numerus
1394 3760 1736 3831 pecorum
1789 3735 2248 3812 trucidandus

298 3859 474 3946 effet,
510 3880 639 3954 per
669 3853 895 3941 foffas‚
940 3880 1065 3951 per
1096 3854 1359 3927 vallum
1394 3854 1605 3929 castra
1655 3854 1980 3931 invadere
2031 3859 2245 3956 parati

299 3996 506 4066 erant,
561 3979 609 4050 fi
639 3974 715 4048 in
748 3972 1096 4071 proelium
1130 3972 1345 4047 hostis
1390 4000 1535 4049 non
1585 3974 1825 4050 exiret.
1923 3980 2058 4051 Cn.
2095 3982 2254 4074 Do-⁴

302 4094 563 4185 mitius»,
614 4096 709 4169 ad
760 4095 1272 4191 explorandum
1322 4092 1479 4183 iter,
1530 4098 1600 4171 ὅτ
1645 4121 1789 4194 qua
1831 4117 2023 4194 parte
2073 4098 2249 4174 adiri
