3100 5359
2581 0 2774 8 *
3034 0 3059 302 l

769 721 913 820 326
1457 721 2087 796 T.L1v11

767 893 996 970 moria
1045 891 1448 970 institutum
1485 895 1733 984 fertur,
1792 915 1877 970 ut
1908 895 2223 972 censores
2252 892 2467 968 motis
2498 893 2736 968 senatu

767 1014 1240 1090 adscriberent
1271 1035 1493 1090 notas.
1594 1015 1885 1090 Catonis
1918 1015 1993 1086 δε
2018 1015 2193 1089 aliae
2226 1013 2525 1112 quidem
2550 1041 2737 1089 acer-

767 1137 899 1210 bae
925 1136 1272 1210 orationes
1291 1135 1563 1209 exstant
1594 1133 1671 1208 in
1698 1161 1845 1224 eos»,
1898 1159 2081 1232 quos
2106 1155 2231 1208 aut
2260 1131 2603 1210 senatorio
2634 1137 2737 1208 lo-

767 1279 856 1329 co
907 1253 1160 1339 movit,
1221 1273 1346 1328 aut
1391 1255 1659 1352 quibus
1706 1280 1931 1354 equos
1977 1252 2286 1328 ademit:
2340 1255 2551 1353 longe
2582 1280 2745 1352 gra-

763 1373 1034 1448 viffima
1065 1373 1141 1449 in
1177 1377 1268 1449 L.
1295 1373 1729 1476 Qinffium
1764 1373 1987 1450 oratio
2012 1375 2139 1462 est,
2160 1399 2304 1473 qua
2322 1376 2367 1446 fi
2388 1373 2743 1448 accusator

765 1515 928 1568 ante
955 1515 1224 1583 notam,
1270 1521 1416 1569 non
1451 1495 1695 1570 censor
1730 1495 1887 1592 post
1916 1517 2184 1583 notam,
2220 1493 2387 1569 usus
2418 1495 2607 1580 effet,
2634 1519 2741 1567 re-

767 1613 988 1690 tinere
1040 1591 1474 1716 Qinfflum
1533 1615 1609 1688 in
1662 1612 1901 1690 senatu
1950 1641 2039 1690 ne
2072 1613 2279 1689 frater
2312 1611 2611 1712 quidem
2644 1615 2739 1686 T.

763 1734 1180 1838 QinRius,
1201 1737 1248 1808 fi
1281 1755 1436 1809 tum
1465 1733 1708 1810 censor
1738 1735 1931 1823 effet,
1964 1734 2319 1834 potuifl'et.
2405 1735 2595 1808 Inter
2626 1757 2737 1806 ce-

781 1875 927 1932 tera
993 1854 1256 1952 objecit
1301 1854 1395 1943 ei,
1463 1855 1887 1954 Philippum
1948 1860 2303 1943 Poenum,
2370 1879 2615 1929 carum
2658 1879 2739 1927 ac

767 1975 1006 2052 nobile
1041 1975 1377 2063 scortum,
1437 1978 1529 2051 ab
1578 1977 1819 2050 Roma
1850 1975 1925 2050 in
1960 1975 2269 2050 Galliam
2302 1970 2738 2074 provinciam

769 2095 886 2196 spe
941 2095 1346 2196 ingentium
1395 2097 1752 2170 donorum
1787 2098 2239 2195 perduetum.
2340 2097 2535 2169 Eum
2568 2119 2737 2191 pue·

767 2242 962 2304 rum,
998 2241 1122 2315 per
1155 2215 1510 2290 lasciviam
1545 2241 1777 2313 quum
1814 2215 2283 2303 cavillaretur,
2317 2217 2731 2312 exprobrare

771 2335 1043 2411 consuli
1079 2336 1404 2436 persaepe
1439 2336 1751 2423 solitum,
1820 2337 2021 2434 quod
2054 2333 2184 2410 sub
2220 2333 2449 2434 ipsum
2482 2333 2737 2431 speeta-

767 2458 1019 2531 culum
1075 2456 1576 2556 gladiatorium
1629 2457 1983 2531 abdufitus
2016 2459 2106 2530 ab
2140 2458 2383 2530 Roma
2414 2456 2605 2542 effet,
2656 2475 2739 2527 ut

763 2575 1190 2675 obsequium
1219 2575 1514 2650 amatori
1541 2575 1957 2652 venditaret.
2052 2577 2263 2650 Forte
2290 2574 2740 2673 epulantibus

761 2695 876 2784 iis,
937 2721 1168 2794 quum
1214 2697 1364 2791 jam
1422 2695 1596 2770 vino
1646 2694 2109 2782 incaluiffent,
2176 2693 2597 2769 nunciatum
2661 2693 2735 2767 in

763 2814 1097 2892 convivio
1117 2817 1280 2904 effe,
1318 2815 1637 2890 nobilem
1672 2815 1929 2911 Bojum
1962 2841 2133 2890 cum
2166 2813 2409 2889 liberis
2440 2813 2735 2888 transfu-

763 2963 932 3036 gam
962 2933 1269 3025 veniffe3
1321 2935 1702 3011 convenire
1730 2933 2093 3010 consulem
2125 2936 2333 3022 velle,
2384 2953 2467 3007 ut
2517 2937 2608 3008 ab
2652 2959 2735 3008 eo

763 3059 984 3132 fidem
1025 3055 1345 3156 praesens
1397 3054 1779 3153 acciperet.'
1866 3055 2369 3129 Introdue‘tum
2404 3052 2479 3128 in
2514 3055 2735 3130 taber-

759 3178 1104 3253 naculum
1147 3202 1274 3276 per
1323 3174 1780 3276 interpretem
1824 3173 2116 3272 adloqui
2169 3171 2534 3250 consulem
2578 3201 2734 3251 coe·

759 3295 955 3396 pifl‘e.
1054 3297 1246 3370 Inter
1311 3296 1513 3392 cujus
1569 3294 1965 3370 sermonem
2030 3293 2423 3396 QinCtius
2480 3295 2731 3384 scorto,

765 3427 817 3461 “
855 3414 984 3490 vis
1008 3417 1163 3504 tu,’'
1190 3414 1454 3514 inquit,
1503 3425 1555 3459 “
1592 3414 1937 3513 quoniam
1958 3413 2459 3515 gladiatorium
2479 3415 2733 3514 speeta-

765 3546 818 3580 “
853 3537 1104 3612 culum
1155 3534 1528 3634 reliquisti,
1578 3536 1731 3632 jam
1765 3538 1960 3610 hunc
1996 3537 2290 3610 Gallum
2318 3535 2735 3610 morientem

765 3665 818 3701 ‘⁸
855 3655 1092 3731 videre
1119 3657 1194 3729 ?”
1295 3657 1394 3731 Et
1447 3679 1683 3754 quum
1727 3653 1786 3728 is
1818 3653 2123 3730 vixdum
2158 3653 2331 3729 serio
2363 3654 2733 3743 adnuifl'et,

764 3777 858 3852 ad
891 3795 1152 3850 nutum
1189 3773 1392 3850 scorti
1426 3774 1789 3882 consulem
1816 3773 2053 3850 strie‘to
2076 3774 2345 3874 gladio,
2373 3773 2501 3873 qui
2536 3773 2736 3872 super

765 3915 982 3994 caput
1005 3896 1386 3994 pendebat,
1419 3893 1743 3993 loquenti
1768 3895 1980 3970 Gallo
2006 3914 2223 3994 caput
2242 3893 2556 3992 primum
2583 3921 2733 3994 per-

765 4018 1054 4106 cuffiflh,
1079 4014 1342 4091 deinde
1365 4013 1699 4116 fugienti,
1726 4015 2093 4114 fidemque
2117 4014 2369 4114 populi
2388 4013 2735 4103 Romani,
