3100 5359
785 716 923 788 174
1433 685 2083 764 T.L1v11

765 879 938 940 trare
989 861 1062 936 in
1097 864 1350 937 urbem
1383 883 1725 961 poterant.
1825 867 2020 940 Nam
2077 865 2155 938 δε
2194 864 2347 964 pari
2383 865 2739 940 celeritate

771 1007 998 1055 novus
1049 1007 1177 1077 pro
1222 980 1462 1056 diruto
1511 1009 1760 1058 murus
1810 984 2304 1080 objiciebatur,
2358 986 2429 1057 &
2466 985 2741 1073 armati,

773 1099 995 1176 ruinis
1039 1099 1521 1196 superstantes»,
1574 1101 1785 1177 instar
1827 1101 2258 1178 munimenti
2292 1125 2509 1180 erant.
2608 1107 2747 1178 Ita-

778 1245 949 1319 que,
1003 1245 1236 1317 quum
1290 1243 1523 1320 aperta
1576 1221 1649 1296 vi
1702 1248 1953 1321 parum
1998 1225 2423 1321 procederet
2456 1222 2733 1299 consuli

771 1361 904 1426 res,
974 1338 1396 1414 cuniculum
1461 1344 1860 1428 occultum,
1911 1341 2137 1417 vineis
2190 1364 2351 1418 ante
2413 1345 2747 1418 contecto

771 1460 962 1545 loc0‚
1013 1483 1214 1555 agere
1245 1459 1569 1535 instituit.
1674 1463 1771 1534 Et
1800 1461 2271 1560 aliquamdiu,
2322 1488 2555 1563 quum
2584 1462 2743 1538 dies

771 1575 1150 1675 noctesque
1208 1579 1286 1653 in
1329 1606 1539 1677 opere
1607 1582 1847 1667 effent,
1900 1608 2045 1656 non
2100 1582 2330 1656 solum
2373 1582 2507 1657 sub
2566 1603 2747 1657 terra

771 1697 1146 1786 fodientes»,
1197 1697 1318 1772 sed
1358 1721 1717 1798 egerentes
1770 1699 1985 1775 etiam
2040 1703 2375 1788 humum,
2424 1700 2733 1776 fefellere

772 1817 1067 1892 hostem.
1167 1819 1527 1892 Cumulus
1572 1841 1856 1918 repente
1906 1841 2122 1894 terrae
2160 1820 2480 1894 eminens
2522 1819 2747 1895 index

767 1936 996 2035 operis
1021 1935 1396 2035 oppidanis
1429 1935 1591 2012 fuit.
1672 1938 2093 2037 pavidique,
2130 1965 2219 2013 ne
2233 1937 2743 2036 jam,subrutis

768 2055 1019 2146 muris,
1069 2055 1248 2130 facta
1294 2054 1372 2131 in
1405 2061 1656 2132 urbem
1690 2056 1806 2132 via
1848 2060 2035 2145 effet,
2086 2058 2332 2133 foffatn
2366 2058 2548 2134 intra
2578 2087 2739 2134 mu-

769 2203 930 2252 rum
964 2203 1002 2250 e
1038 2175 1324 2275 regione
1355 2177 1502 2273 ejus
1535 2177 1790 2275 operis»,
1842 2180 2045 2276 quod
2068 2178 2293 2252 vineis
2320 2181 2735 2255 contectum

774 2317 943 2385 erat,
996 2298 1255 2371 ducere
1285 2295 1685 2370 instituunt.
1784 2297 2007 2393 Cujus
2040 2297 2169 2374 ubi
2206 2299 2301 2372 ad
2328 2317 2595 2373 tantam
2640 2303 2739 2372 al-

775 2416 1190 2503 titudinem,
1243 2437 1546 2514 quantae
1601 2419 1734 2491 effe
1766 2415 1993 2490 solum
2040 2417 2373 2492 infimum
2420 2417 2739 2496 cuniculi

765 2555 1060 2636 poterat,
1114 2555 1607 2632 pervenerunt,
1654 2536 1923 2609 filentio
1954 2535 2166 2625 fact0,
2202 2535 2527 2636 pluribus
2562 2538 2739 2613 locis

767 2681 934 2730 aure
1029 2655 1340 2741 admota,
1417 2654 1728 2729 sonitum
1810 2655 2241 2734 fodientium
2337 2661 2735 2754 captabant.

773 2781 1015 2876 Qem
1043 2771 1172 2847 ubi
1199 2795 1650 2871 acceperunt,
1684 2773 2008 2874 aperiunt
2041 2779 2297 2850 rectam
2334 2776 2408 2850 in
2436 2777 2749 2853 cunicu··

777 2898 934 2970 lum
971 2893 1187 2968 viam.
1288 2896 1448 2968 Nec
1509 2893 1650 2968 fuit
1700 2895 1941 2994 magni
1995 2896 2248 2993 operis·
2346 2900 2733 2972 Momento

770 3014 963 3091 enim
992 3015 1084 3088 ad
1110 3011 1346 3101 inane,
1381 3011 1701 3112 suspenso
1722 3012 2017 3089 furculis
2036 3018 2127 3089 ab
2155 3015 2474 3090 hostibus
2496 3041 2730 3104 muro,

769 3153 1259 3236 pervenerunt.
1357 3130 1470 3208 Ibi
1535 3131 1916 3207 commistis
1969 3132 2330 3232 operibuS,
2391 3160 2626 3233 quum
2690 3162 2733 3209 e

769 3255 941 3330 foffa
972 3253 1047 3328 in
1081 3250 1500 3329 cuniculum
1547 3273 1813 3350 pateret
1856 3251 2013 3342 iter,
2064 3252 2299 3350 primo
2332 3254 2487 3353 ipfis
2524 3253 2733 3328 ferra-

769 3373 1054 3460 mentis,
1104 3371 1369 3471 quibus
1415 3370 1490 3444 in
1523 3397 1733 3469 opere
1778 3375 1879 3446 ufi
1931 3393 2147 3460 erant,
2193 3371 2362 3448 dein
2416 3372 2733 3449 celeriter

769 3491 1017 3568 armati
1064 3491 1277 3566 etiam
1312 3490 1693 3566 subeuntes
1723 3493 2081 3566 occultam
2116 3491 2251 3567 sub
2282 3514 2534 3568 terram
2578 3492 2731 3568 edi-

667 3617 674 3622 ’
732 3604 1029 3689 'derunt
1079 3635 1417 3712 pugnam.
1537 3609 1838 3710 Segnior
1888 3612 2151 3686 deinde
2204 3639 2285 3687 ea
2340 3611 2525 3688 facta
2586 3615 2727 3702 est;

767 3730 1375 3830 intersepientibus
1459 3730 1911 3818 cuniculum,
1978 3731 2107 3806 ubi
2172 3733 2458 3821 vellent,
2533 3759 2729 3808 nunc

765 3850 1017 3929 ciliciis
1077 3850 1477 3948 praetentis,
1531 3875 1727 3924 nunc
1776 3848 2047 3924 foribus
2104 3849 2361 3950 raptim
2402 3854 2719 3949 objectis·

765 3975 983 4048 Nova
1028 3970 1240 4045 etiam
1273 3971 1465 4044 haud
1502 3969 1741 4069 magni
1776 3967 2007 4068 operis
2040 3970 2363 4046 adversus
2396 3997 2543 4060 eos»,
2596 3972 2721 4071 qui

770 4093 848 4168 in
899 4089 1239 4167 cuniculo
1283 4111 1504 4178 erant,
1556 4088 1956 4188 excogitata
1998 4115 2102 4166 res
2136 4091 2256 4166 est.
2343 4090 2662 4167 -Dolium
2685 4119 2729 4168 a
