3100 5359
776 764 919 835 402
1415 742 2022 821 T.L1v11

779 910 983 989 miffi.
1082 914 1433 1014 QFabio
1502 914 1808 990 Buteoni
1866 934 2324 1017 prorogatum
2381 915 2456 992 in
2525 915 2760 993 Gallia

782 1032 1165 1132 imperium
1210 1032 1331 1109 est.
1430 1036 1620 1110 Oeto
1661 1035 1998 1135 legiones,
2052 1057 2320 1135 praeter
2363 1039 2757 1113 exercitum

781 1175 1118 1243 veterem,
1170 1154 1299 1255 qui
1355 1155 1429 1228 in
1476 1154 1874 1254 Liguribus
1908 1155 1983 1230 in
2016 1154 2131 1256 spe
2164 1158 2568 1258 propinqua
2597 1155 2764 1232 mis·-

784 1273 989 1348 fionis
1032 1296 1201 1364 erat,
1253 1300 1341 1349 eo
1385 1302 1574 1349 anno
1607 1278 1742 1350 effe
1773 1276 2063 1375 placuit.
2167 1280 2263 1351 Et
2294 1277 2353 1352 is
2387 1276 2532 1377 ipse
2565 1304 2760 1353 exer-

784 1393 969 1469 citus
1012 1422 1216 1495 aegre
1261 1398 1680 1494 explebatur
1711 1417 1996 1495 propter
2028 1396 2524 1496 pestilentiam,
2574 1423 2762 1496 quae

773 1516 923 1614 jam
973 1517 1263 1592 tertium
1306 1543 1578 1593 annum
1605 1519 1856 1594 urbem
1889 1520 2294 1593 Romanam
2319 1540 2536 1617 atque
2570 1517 2761 1593 Itali·

781 1664 901 1714 am
924 1638 1253 1713 vastabat.

884 1760 1275 1835 XXXVII.
1376 1762 1662 1835 Praetor
1713 1760 1835 1837 Ti.
1871 1758 2280 1850 Minucius,
2333 1766 2404 1835 δε
2437 1759 2685 1836 haud
2665 1780 2764 1834 ita

786 1882 1019 1957 multo
1071 1878 1227 1979 post
1276 1878 1520 1953 consul
1565 1882 1650 1955 C.
1683 1880 2112 1981 Calpurnius
2142 1880 2470 1969 moritur,
2522 1878 2762 1955 multi·

788 2028 936 2103 que
986 2001 1105 2075 alii
1158 1998 1489 2075 omnium
1540 1994 1884 2077 ordinum
1919 2002 2239 2079 inlustres
2270 2002 2448 2078 viri.
2503 2002 2758 2102 postre-

786 2148 912 2199 mo
954 2120 1263 2221 prodigii
1316 2122 1477 2195 loco
1516 2146 1600 2194 ea
1631 2121 1864 2197 clades
1896 2121 2142 2197 haberi
2174 2143 2428 2255 coepta
2453 2122 2576 2197 est.
2673 2122 2756 2197 C.

786 2242 1121 2317 Servilius
1177 2238 1504 2341 pontifex
1547 2240 1906 2317 maximus
1963 2242 2248 2340 piacula
2310 2242 2450 2316 irae
2517 2244 2758 2317 Deum

788 2362 1205 2463 conquirere
1226 2362 1477 2458 juffus,
1524 2360 1910 2437 decemviri
1944 2362 2160 2437 libros
2193 2360 2562 2461 inspicere,
2593 2386 2763 2436 con-

787 2472 895 2558 sul
949 2480 1302 2581 Apollini,
1354 2480 1805 2611 Aesculapi0,
1853 2482 2078 2557 Saluti
2123 2484 2316 2557 dona
2358 2507 2644 2569 vovere,
2695 2484 2764 2555 ὅτ

788 2604 953 2678 dare
982 2600 1213 2701 ligna
1195 2622 1544 2691 inaurata3
1575 2602 1756 2701 qu'ae
1782 2602 1982 2679 vovit
2003 2602 2372 2702 deditque.
2453 2604 2768 2677 Decem-

787 2720 922 2799 viri
975 2720 1564 2822 supplicationem
1611 2719 1686 2796 in
1733 2720 2045 2798 biduum
2075 2721 2504 2799 valetudinis
2537 2724 2770 2797 cauflii

785 2843 863 2917 in
908 2846 1085 2919 urbe
1131 2848 1202 2917 δε
1254 2868 1380 2942 per
1422 2840 1667 2916 omnia
1697 2840 1848 2926 fora
1871 2843 2488 2941 conciliabulaque
2521 2843 2766 2918 edixe-

786 2984 996 3077 runt.
1048 2966 1340 3061 majores
1398 2962 1789 3038 duodecim
1845 2954 2074 3053 annis,
2137 2986 2387 3043 omnes
2447 2962 2768 3045 coronati

790 3076 861 3159 δὲ
946 3086 1253 3160 lauream
1331 3083 1407 3159 in
1470 3078 1688 3157 manu
1749 3101 2092 3172 tenentes,
2165 3082 2765 3181 supplicaverunt.

795 3203 1095 3280 Fraudis
1161 3228 1454 3303 quoque
1512 3206 1866 3277 humanae
1933 3200 2394 3278 infinuaverat
2461 3202 2768 3303 suspicio

794 3314 1102 3412 animis;
1152 3323 1229 3397 87,
1273 3320 1600 3398 veneficii
1655 3322 1972 3422 quaestio
2016 3348 2107 3397 ex
2147 3322 2769 3413 senatusconsultO,

794 3446 999 3545 quod
1058 3444 1134 3529 in
1185 3447 1388 3532 urbe,
1438 3441 1814 3543 propiusve
1857 3444 2132 3519 urbem·
2155 3443 2408 3519 decem
2447 3441 2772 3519 millibus

794 3569 1122 3665 paffuum
1174 3566 1341 3639 effet
1392 3563 1871 3651 commifl’um,
1941 3564 2028 3637 C.
2063 3562 2372 3638 Claudio
2435 3562 2767 3663 praetori,

799 3674 927 3786 qui
996 3685 1071 3760 in
1116 3686 1361 3770 locum
1412 3682 1535 3759 Ti.
1569 3682 1892 3759 Minucii
1937 3703 2081 3759 erat
2132 3682 2530 3772 subfectus3
2583 3685 2774 3761 ultra

800 3796 1167 3882 decimum
1232 3803 1544 3902 lapidem
1597 3828 1725 3901 per
1787 3800 1938 3877 fora
1994 3803 2614 3901 conciliabulaque
2681 3806 2769 3879 C.

795 3924 1131 4013 .Maenio,
1180 3916 1594 4023 priusquam
1627 3921 1705 3997 in
1737 3921 2134 4001 sardiniam
2166 3921 2608 4023 provinciam
2631 3946 2770 3999 tra-

791 4046 1067 4146 jiceret,
1151 4046 1449 4120 decreta.
1579 4042 1911 4142 suspeeta
1973 4042 2282 4119 consulis
2356 4062 2502 4119 erat
2579 4070 2770 4121 mors

806 4166 1140 4277 maxime.
1240 4166 1557 4245 Necatus
1599 4190 1644 4245 a
1673 4168 1944 4273 Qarta
1972 4162 2290 4242 Hostilia
2315 4189 2540 4242 uxore
2572 4156 2764 4239 di‘ce-
