3100 5359
773 741 920 810 214
1439 715 2069 790 T.L1v11

769 908 976 990 cepta
1029 891 1120 964 ab
1179 888 1456 988 legatis,
1517 887 1671 966 vim
1704 889 2142 981 abfuturam,
2172 891 2407 967 donec
2440 891 2748 970 cauffam

772 1009 1125 1084 dixifl'ent.
1205 1011 1454 1084 lerunt
1485 1010 1605 1084 alii
1635 1009 1852 1086 etiam
1880 1011 2204 1087 inlustres
2234 1011 2399 1100 viri,
2426 1015 2497 1085 &
2528 1012 2748 1086 advo-

773 1130 913 1206 cati
965 1129 1279 1230 privatiS,
1331 1135 1402 1205 ὅτ
1446 1131 1619 1230 quia
1658 1131 2007 1230 pertinere
2040 1133 2345 1210 caussam
2378 1157 2628 1207 eorum
2656 1131 2751 1206 ad

773 1249 1295 1349 rempublicam
1323 1251 1722 1328 censebant.
1826 1255 2257 1352 Numquam
2292 1251 2458 1328 alias
2476 1249 2751 1327 exsules

778 1369 1523 1446 Lacedaemoniorum
1580 1370 1852 1446 Achaei
1901 1371 2142 1448 secum
2184 1373 2641 1448 adduxerant
2675 1373 2751 1448 in

776 1491 980 1578 fines,
1015 1490 1188 1588 quia
1221 1490 1402 1567 nihil
1431 1519 1656 1593 aeque
1691 1493 2161 1568 alienaturum
2196 1492 2471 1569 animos
2504 1493 2751 1572 civita-

775 1609 866 1685 tis
890 1609 1288 1686 videbatur.
1389 1617 1608 1688 Tunc
1644 1611 1997 1688 exercitus
2049 1610 2268 1689 totius
2301 1638 2521 1712 prope
2554 1635 2751 1690 ante-

780 1731 1047 1830 fignani
1077 1731 1347 1807 exsules
1381 1755 1598 1808 erant.
1691 1731 1753 1806 Ii
1786 1733 2239 1808 venientibus
2272 1733 2755 1808 Lacedaemo-

778 1851 916 1927 niis
967 1853 1058 1926 ad
1097 1877 1372 1950 portam
1409 1855 1797 1929 castrorum
1849 1853 2137 1954 agmine
2182 1852 2370 1928 facto
2418 1856 2753 1928 obcurre-

780 1995 969 2049 runt.
1073 1977 1170 2048 Et
1213 1972 1448 2072 primo
1493 1973 1813 2050 lacessere
1855 1973 2155 2073 jurgiis:
2212 1973 2501 2062 deinde,
2552 1977 2753 2050 alter-

781 2092 1058 2170 catione
1092 2115 1267 2183 orta,
1306 2121 1540 2194 quum
1574 2096 2131 2170 accenderentur
2159 2095 2323 2184 irae,
2358 2093 2753 2170 ferociffimi

781 2213 1108 2290 exsulum
1188 2213 1520 2314 inpetum
1600 2213 1676 2289 in
1746 2215 2359 2291 Lacedaemonios
2414 2215 2755 2292 fecerunt.

781 2339 1040 2437 Qum
1075 2333 1177 2408 illi
1201 2336 1397 2410 Deos
1420 2339 1489 2410 &
1517 2336 1740 2410 fidem
1772 2337 2169 2434 legatorum
2197 2335 2636 2427 testarentur,
2687 2342 2756 2413 &

783 2453 998 2555 legati
1032 2459 1101 2530 &
1135 2476 1412 2552 praetor
1443 2452 1892 2529 submoveret
1927 2458 2194 2544 turbas,
2248 2456 2326 2529 &
2360 2477 2759 2559 protegeret

785 2573 1427 2662 Lacedaemonios,
1488 2574 1923 2675 vinculaque
1955 2577 2108 2673 jam
2148 2576 2496 2676 quosdam
2532 2577 2757 2678 injici-

785 2716 982 2772 entes
1033 2714 1322 2782 arceret,
1377 2693 1727 2770 crescebat
1777 2699 2094 2772 tumultu
2135 2697 2491 2775 concitato
2536 2704 2763 2778 turba.

792 2819 891 2892 Et
944 2815 1217 2891 Achaei
1270 2815 1360 2888 ad
1415 2813 1895 2913 spectaculum
1941 2816 2177 2915 primo
2226 2826 2763 2898 concurrebant.

791 2935 1076 3012 Deinde
1111 2933 1664 3011 vociferantibus
1687 2934 2078 3025 exsulibus,
2113 2962 2298 3035 quae
2318 2941 2481 3038 paffi
2508 2937 2765 3028 forent,

791 3063 860 3133 &
945 3055 1312 3132 orantibus
1406 3081 1651 3156 opem,
1760 3055 2448 3156 adfirmantibusque
2532 3060 2763 3146 fimul,

796 3187 848 3222 “
887 3179 1314 3274 Numquam
1367 3178 1583 3250 talem
1628 3177 2066 3250 occafionem
2094 3177 2485 3267 habitui-0⁵,
2530 3181 2576 3252 fi
2610 3203 2767 3252 eam

797 3308 850 3343 “
887 3293 1522 3397 praetermisissent:
1608 3293 1887 3384 foedus,
1983 3299 2185 3396 quod
2247 3297 2323 3372 in
2384 3297 2766 3398 Capitolia,

799 3428 852 3463 “
890 3418 1092 3516 quod
1111 3413 1521 3514 Olympiae,
1558 3419 1764 3514 quod
1795 3415 1870 3492 in
1898 3441 2053 3493 arce
2090 3418 2397 3494 Athenis
2430 3417 2769 3494 sacratum

800 3547 852 3582 “
889 3535 1148 3623 fuifl'et,
1198 3534 1476 3610 irritum
1528 3561 1655 3634 per
1708 3535 1867 3611 illos
1918 3539 2103 3613 effe:
2165 3537 2580 3639 priusquam
2632 3538 2771 3615 alio

801 3665 854 3702 “
891 3657 982 3731 de
1015 3655 1293 3756 integro
1328 3654 1613 3730 foedere
1640 3656 2153 3757 obligarentur,
2184 3661 2437 3736 noxios
2470 3659 2774 3759 punien-

803 3788 858 3823 “
894 3779 1026 3852 dos
1087 3777 1219 3852 effe
1245 3779 1315 3864 ;”
1383 3773 1672 3852 accensa
1721 3776 1831 3852 his
1876 3779 2180 3855 vocibus
2234 3779 2627 3857 multitudo
2682 3783 2775 3856 ad

801 3923 1058 3976 vocem
1117 3895 1361 3984 uniuS,
1425 3895 1582 3994 qui,
1654 3917 1737 3974 ut
1775 3896 2089 3989 ferirent,
2124 3899 2559 3990 inclamavit,
2618 3900 2777 3976 saxa

805 4015 1151 4115 conjecit=
1201 4038 1419 4114 atque
1455 4015 1552 4091 ita
1585 4017 2122 4118 septemdecim,
2178 4021 2447 4120 quibus
2488 4021 2779 4097 vincula

801 4163 927 4238 per
957 4137 1356 4215 tumultum
1383 4134 1641 4235 injecta
1671 4161 1890 4230 erant,
1944 4140 2293 4218 interfecti
2326 4140 2523 4219 sunt:
2580 4140 2771 4221 sexa-
