<?xml version="1.0" encoding="UTF-8"?>
<!DOCTYPE html PUBLIC "-//W3C//DTD XHTML 1.0 Transitional//EN"
    "http://www.w3.org/TR/xhtml1/DTD/xhtml1-transitional.dtd">
<html xmlns="http://www.w3.org/1999/xhtml" xml:lang="en" lang="en">
 <head>
  <title>
</title>
<meta http-equiv="Content-Type" content="text/html;charset=utf-8" />
  <meta name='ocr-system' content='tesseract 3.04.00' />
  <meta name='ocr-capabilities' content='ocr_page ocr_carea ocr_par ocr_line ocrx_word'/>
</head>
<body>
  <div class='ocr_page' id='page_1' title='image "./tliviipatavinih01homegoog_0185.png"; bbox 0 0 3100 5359; ppageno 0'>
   <div class='ocr_carea' id='block_1_1' title="bbox 818 705 2282 809">
    <p class='ocr_par' dir='ltr' id='par_1_1' title="bbox 818 705 2282 809">
     <span class='ocr_line' id='line_1_1' title="bbox 818 705 2282 809; baseline 0 -29"><span class='ocrx_word' id='word_1_1' title='bbox 818 705 892 780; x_wconf 93' lang='lat' dir='ltr'>L</span> <span class='ocrx_word' id='word_1_2' title='bbox 945 730 972 780; x_wconf 92' lang='lat'>1</span> <span class='ocrx_word' id='word_1_3' title='bbox 1034 731 1074 780; x_wconf 77' lang='grc' dir='ltr'><strong><em>Β</em></strong></span> <span class='ocrx_word' id='word_1_4' title='bbox 1132 731 1178 780; x_wconf 74' lang='grc' dir='ltr'>Ε</span> <span class='ocrx_word' id='word_1_5' title='bbox 1235 729 1280 780; x_wconf 81' lang='lat' dir='ltr'>R</span> <span class='ocrx_word' id='word_1_6' title='bbox 1385 705 1813 782; x_wconf 83' lang='lat' dir='ltr'>XXXVIII.</span> <span class='ocrx_word' id='word_1_7' title='bbox 2150 732 2282 809; x_wconf 91' lang='lat'>177</span> 
     </span>
    </p>
   </div>
   <div class='ocr_carea' id='block_1_2' title="bbox 300 861 2283 4081">
    <p class='ocr_par' dir='ltr' id='par_1_2' title="bbox 300 861 2283 4081">
     <span class='ocr_line' id='line_1_2' title="bbox 304 861 2276 982; baseline 0.001 -28"><span class='ocrx_word' id='word_1_8' title='bbox 304 879 492 968; x_wconf 90' lang='lat' dir='ltr'>sunt,</span> <span class='ocrx_word' id='word_1_9' title='bbox 539 899 626 953; x_wconf 90' lang='lat' dir='ltr'>ut</span> <span class='ocrx_word' id='word_1_10' title='bbox 670 877 884 954; x_wconf 90' lang='lat' dir='ltr'>etiam</span> <span class='ocrx_word' id='word_1_11' title='bbox 927 901 1142 978; x_wconf 89' lang='lat' dir='ltr'>atque</span> <span class='ocrx_word' id='word_1_12' title='bbox 1177 880 1418 972; x_wconf 87' lang='lat' dir='ltr'>etiam,</span> <span class='ocrx_word' id='word_1_13' title='bbox 1466 881 1650 982; x_wconf 88' lang='lat' dir='ltr'>quid</span> <span class='ocrx_word' id='word_1_14' title='bbox 1689 882 2051 982; x_wconf 87' lang='lat' dir='ltr'>agendum</span> <span class='ocrx_word' id='word_1_15' title='bbox 2086 861 2276 970; x_wconf 83' lang='lat' dir='ltr'>effet,</span> 
     </span>
     <span class='ocr_line' id='line_1_3' title="bbox 305 999 2279 1101; baseline 0.002 -27"><span class='ocrx_word' id='word_1_16' title='bbox 305 1025 375 1075; x_wconf 89' lang='lat' dir='ltr'>re</span> <span class='ocrx_word' id='word_1_17' title='bbox 443 999 743 1099; x_wconf 89' lang='lat' dir='ltr'>integra,</span> <span class='ocrx_word' id='word_1_18' title='bbox 810 1022 1204 1099; x_wconf 83' lang='lat' dir='ltr'>praetorem</span> <span class='ocrx_word' id='word_1_19' title='bbox 1268 1004 1339 1075; x_wconf 88' lang='lat'>&amp;</span> <span class='ocrx_word' id='word_1_20' title='bbox 1397 1001 1752 1101; x_wconf 88' lang='lat' dir='ltr'>principes</span> <span class='ocrx_word' id='word_1_21' title='bbox 1818 1000 2279 1077; x_wconf 86' lang='lat' dir='ltr'><strong>consulerent.</strong></span> 
     </span>
     <span class='ocr_line' id='line_1_4' title="bbox 304 1120 2279 1219; baseline 0.001 -23"><span class='ocrx_word' id='word_1_22' title='bbox 304 1123 634 1196; x_wconf 89' lang='lat' dir='ltr'>Clamore</span> <span class='ocrx_word' id='word_1_23' title='bbox 670 1123 741 1194; x_wconf 88' lang='lat'>&amp;</span> <span class='ocrx_word' id='word_1_24' title='bbox 761 1120 1005 1219; x_wconf 90' lang='lat' dir='ltr'>jurgio</span> <span class='ocrx_word' id='word_1_25' title='bbox 1032 1120 1428 1218; x_wconf 64' lang='lat' dir='ltr'>excepti,‚}‘</span> <span class='ocrx_word' id='word_1_26' title='bbox 1467 1147 1685 1219; x_wconf 88' lang='lat' dir='ltr'>quam</span> <span class='ocrx_word' id='word_1_27' title='bbox 1720 1121 1845 1195; x_wconf 90' lang='lat' dir='ltr'>diu</span> <span class='ocrx_word' id='word_1_28' title='bbox 1876 1147 2023 1196; x_wconf 91' lang='lat' dir='ltr'>rem</span> <span class='ocrx_word' id='word_1_29' title='bbox 2053 1123 2279 1196; x_wconf 87' lang='lat' dir='ltr'>trahe-</span> 
     </span>
     <span class='ocr_line' id='line_1_5' title="bbox 305 1239 2281 1339; baseline -0.002 -23"><span class='ocrx_word' id='word_1_30' title='bbox 305 1252 353 1285; x_wconf 92' lang='lat'><strong>“</strong></span> <span class='ocrx_word' id='word_1_31' title='bbox 391 1262 577 1329; x_wconf 90' lang='lat' dir='ltr'>rent,</span> <span class='ocrx_word' id='word_1_32' title='bbox 675 1242 1281 1338; x_wconf 80' lang='lat' dir='ltr'><strong>qualemcumque</strong></span> <span class='ocrx_word' id='word_1_33' title='bbox 1365 1267 1614 1339; x_wconf 90' lang='lat' dir='ltr'>pacem</span> <span class='ocrx_word' id='word_1_34' title='bbox 1698 1239 1948 1316; x_wconf 87' lang='lat' dir='ltr'>referre</span> <span class='ocrx_word' id='word_1_35' title='bbox 2018 1241 2179 1337; x_wconf 83' lang='lat' dir='ltr'>jusfi</span> <span class='ocrx_word' id='word_1_36' title='bbox 2206 1242 2281 1312; x_wconf 90' lang='lat'>?”</span> 
     </span>
     <span class='ocr_line' id='line_1_6' title="bbox 302 1358 2280 1461; baseline 0.001 -26"><span class='ocrx_word' id='word_1_37' title='bbox 302 1387 540 1461; x_wconf 92' lang='lat' dir='ltr'>quum</span> <span class='ocrx_word' id='word_1_38' title='bbox 607 1358 916 1434; x_wconf 82' lang='lat' dir='ltr'>redirent</span> <span class='ocrx_word' id='word_1_39' title='bbox 977 1359 1467 1449; x_wconf 83' lang='lat' dir='ltr'>Ambraciam,</span> <span class='ocrx_word' id='word_1_40' title='bbox 1531 1366 1991 1436; x_wconf 86' lang='lat' dir='ltr'>Acarnanum</span> <span class='ocrx_word' id='word_1_41' title='bbox 2017 1359 2280 1436; x_wconf 68' lang='lat' dir='ltr'>insidiis</span> 
     </span>
     <span class='ocr_line' id='line_1_7' title="bbox 300 1478 2279 1580; baseline 0.001 -25"><span class='ocrx_word' id='word_1_42' title='bbox 300 1507 525 1580; x_wconf 90' lang='lat' dir='ltr'>prope</span> <span class='ocrx_word' id='word_1_43' title='bbox 567 1478 760 1553; x_wconf 85' lang='lat' dir='ltr'>viam</span> <span class='ocrx_word' id='word_1_44' title='bbox 801 1479 1062 1577; x_wconf 74' lang='lat' dir='ltr'>pofitiS,</span> <span class='ocrx_word' id='word_1_45' title='bbox 1116 1479 1552 1577; x_wconf 88' lang='lat' dir='ltr'>quibuscum</span> <span class='ocrx_word' id='word_1_46' title='bbox 1599 1483 1869 1556; x_wconf 90' lang='lat' dir='ltr'>bellurn</span> <span class='ocrx_word' id='word_1_47' title='bbox 1925 1501 2094 1569; x_wconf 91' lang='lat' dir='ltr'>erat,</span> <span class='ocrx_word' id='word_1_48' title='bbox 2146 1480 2279 1556; x_wconf 91' lang='lat' dir='ltr'>cir-</span> 
     </span>
     <span class='ocr_line' id='line_1_8' title="bbox 307 1599 2281 1700; baseline 0 -24"><span class='ocrx_word' id='word_1_49' title='bbox 307 1599 674 1676; x_wconf 78' lang='lat' dir='ltr'>cumventi</span> <span class='ocrx_word' id='word_1_50' title='bbox 777 1600 1138 1700; x_wconf 89' lang='lat' dir='ltr'>Thyrium</span> <span class='ocrx_word' id='word_1_51' title='bbox 1241 1601 1690 1677; x_wconf 89' lang='lat' dir='ltr'>custodiendi</span> <span class='ocrx_word' id='word_1_52' title='bbox 1796 1603 2281 1677; x_wconf 90' lang='lat' dir='ltr'>deducuntur.</span> 
     </span>
     <span class='ocr_line' id='line_1_9' title="bbox 303 1719 2272 1822; baseline -0.001 -26"><span class='ocrx_word' id='word_1_53' title='bbox 303 1722 514 1796; x_wconf 90' lang='lat' dir='ltr'>Haec</span> <span class='ocrx_word' id='word_1_54' title='bbox 536 1745 732 1794; x_wconf 88' lang='lat' dir='ltr'>mora</span> <span class='ocrx_word' id='word_1_55' title='bbox 759 1719 1012 1816; x_wconf 66' lang='lat' dir='ltr'>injecta</span> <span class='ocrx_word' id='word_1_56' title='bbox 1038 1720 1139 1795; x_wconf 90' lang='lat' dir='ltr'>est</span> <span class='ocrx_word' id='word_1_57' title='bbox 1169 1721 1350 1820; x_wconf 83' lang='lat' dir='ltr'>paci.</span> <span class='ocrx_word' id='word_1_58' title='bbox 1428 1720 1851 1822; x_wconf 85' lang='lat' dir='ltr'>Qumjam</span> <span class='ocrx_word' id='word_1_59' title='bbox 1876 1721 2272 1797; x_wconf 84' lang='lat' dir='ltr'>Athenien-</span> 
     </span>
     <span class='ocr_line' id='line_1_10' title="bbox 309 1838 2278 1942; baseline 0.002 -29"><span class='ocrx_word' id='word_1_60' title='bbox 309 1843 487 1914; x_wconf 74' lang='lat' dir='ltr'>sium</span> <span class='ocrx_word' id='word_1_61' title='bbox 525 1839 1133 1938; x_wconf 88' lang='lat' dir='ltr'>Rhodiorumque</span> <span class='ocrx_word' id='word_1_62' title='bbox 1169 1839 1407 1940; x_wconf 88' lang='lat' dir='ltr'>legati,</span> <span class='ocrx_word' id='word_1_63' title='bbox 1460 1838 1591 1938; x_wconf 91' lang='lat' dir='ltr'>qui</span> <span class='ocrx_word' id='word_1_64' title='bbox 1626 1841 1715 1913; x_wconf 90' lang='lat' dir='ltr'>ad</span> <span class='ocrx_word' id='word_1_65' title='bbox 1746 1841 2278 1942; x_wconf 90' lang='lat' dir='ltr'>deprecandum</span> 
     </span>
     <span class='ocr_line' id='line_1_11' title="bbox 309 1957 2281 2061; baseline 0.001 -28"><span class='ocrx_word' id='word_1_66' title='bbox 309 1984 440 2058; x_wconf 90' lang='lat' dir='ltr'>pro</span> <span class='ocrx_word' id='word_1_67' title='bbox 491 1959 604 2034; x_wconf 88' lang='lat' dir='ltr'>his</span> <span class='ocrx_word' id='word_1_68' title='bbox 655 1980 1014 2048; x_wconf 83' lang='lat' dir='ltr'>venerant,</span> <span class='ocrx_word' id='word_1_69' title='bbox 1083 1960 1275 2058; x_wconf 88' lang='lat' dir='ltr'>apud</span> <span class='ocrx_word' id='word_1_70' title='bbox 1329 1957 1691 2034; x_wconf 90' lang='lat' dir='ltr'>consulem</span> <span class='ocrx_word' id='word_1_71' title='bbox 1744 1961 1958 2034; x_wconf 86' lang='lat' dir='ltr'>efl&#39;ent</span> <span class='ocrx_word' id='word_1_72' title='bbox 1974 1992 1997 2047; x_wconf 84' lang='lat'>3</span> <span class='ocrx_word' id='word_1_73' title='bbox 2052 1965 2281 2061; x_wconf 87' lang='lat' dir='ltr'>Amy-</span> 
     </span>
     <span class='ocr_line' id='line_1_12' title="bbox 305 2080 2277 2179; baseline 0.002 -27"><span class='ocrx_word' id='word_1_74' title='bbox 305 2080 574 2154; x_wconf 90' lang='lat' dir='ltr'>nander</span> <span class='ocrx_word' id='word_1_75' title='bbox 623 2105 945 2178; x_wconf 88' lang='lat' dir='ltr'>quoque,</span> <span class='ocrx_word' id='word_1_76' title='bbox 1000 2082 1490 2153; x_wconf 85' lang='lat' dir='ltr'>Athamanum</span> <span class='ocrx_word' id='word_1_77' title='bbox 1541 2105 1690 2167; x_wconf 82' lang='lat' dir='ltr'>rex,</span> <span class='ocrx_word' id='word_1_78' title='bbox 1762 2081 1906 2153; x_wconf 88' lang='lat' dir='ltr'>fide</span> <span class='ocrx_word' id='word_1_79' title='bbox 1964 2103 2277 2179; x_wconf 90' lang='lat' dir='ltr'>accepta,</span> 
     </span>
     <span class='ocr_line' id='line_1_13' title="bbox 305 2197 2282 2300; baseline 0.001 -26"><span class='ocrx_word' id='word_1_80' title='bbox 305 2218 590 2274; x_wconf 84' lang='lat' dir='ltr'>venerat</span> <span class='ocrx_word' id='word_1_81' title='bbox 648 2197 724 2271; x_wconf 90' lang='lat' dir='ltr'>in</span> <span class='ocrx_word' id='word_1_82' title='bbox 773 2197 991 2272; x_wconf 84' lang='lat' dir='ltr'>castra</span> <span class='ocrx_word' id='word_1_83' title='bbox 1036 2201 1405 2286; x_wconf 84' lang='lat' dir='ltr'>Romana3</span> <span class='ocrx_word' id='word_1_84' title='bbox 1460 2201 1683 2300; x_wconf 89' lang='lat' dir='ltr'>magis</span> <span class='ocrx_word' id='word_1_85' title='bbox 1729 2225 1860 2296; x_wconf 90' lang='lat' dir='ltr'>pro</span> <span class='ocrx_word' id='word_1_86' title='bbox 1897 2201 2282 2276; x_wconf 88' lang='lat' dir='ltr'>Ambracia</span> 
     </span>
     <span class='ocr_line' id='line_1_14' title="bbox 305 2316 2277 2416; baseline 0.002 -24"><span class='ocrx_word' id='word_1_87' title='bbox 305 2321 510 2404; x_wconf 90' lang='lat' dir='ltr'>urbe,</span> <span class='ocrx_word' id='word_1_88' title='bbox 559 2316 689 2392; x_wconf 90' lang='lat' dir='ltr'>ubi</span> <span class='ocrx_word' id='word_1_89' title='bbox 739 2318 1076 2414; x_wconf 88' lang='lat' dir='ltr'>majorem</span> <span class='ocrx_word' id='word_1_90' title='bbox 1124 2339 1392 2416; x_wconf 89' lang='lat' dir='ltr'>partem</span> <span class='ocrx_word' id='word_1_91' title='bbox 1447 2317 1787 2416; x_wconf 87' lang='lat' dir='ltr'>temporis</span> <span class='ocrx_word' id='word_1_92' title='bbox 1821 2318 2277 2409; x_wconf 82' lang='lat' dir='ltr'>exsulaverat,</span> 
     </span>
     <span class='ocr_line' id='line_1_15' title="bbox 307 2435 2281 2537; baseline 0.002 -25"><span class='ocrx_word' id='word_1_93' title='bbox 307 2463 528 2537; x_wconf 86' lang='lat' dir='ltr'>quam</span> <span class='ocrx_word' id='word_1_94' title='bbox 596 2463 725 2535; x_wconf 93' lang='lat' dir='ltr'>pro</span> <span class='ocrx_word' id='word_1_95' title='bbox 785 2436 1087 2524; x_wconf 85' lang='lat' dir='ltr'>Aetolis,</span> <span class='ocrx_word' id='word_1_96' title='bbox 1155 2435 1516 2514; x_wconf 90' lang='lat' dir='ltr'>sollicitus.</span> <span class='ocrx_word' id='word_1_97' title='bbox 1644 2442 1781 2513; x_wconf 88' lang='lat' dir='ltr'>Per</span> <span class='ocrx_word' id='word_1_98' title='bbox 1838 2440 1967 2513; x_wconf 89' lang='lat' dir='ltr'>hos</span> <span class='ocrx_word' id='word_1_99' title='bbox 2023 2439 2281 2515; x_wconf 82' lang='lat' dir='ltr'>certior</span> 
     </span>
     <span class='ocr_line' id='line_1_16' title="bbox 307 2554 2281 2656; baseline 0.002 -24"><span class='ocrx_word' id='word_1_100' title='bbox 307 2555 531 2632; x_wconf 70' lang='lat' dir='ltr'>factus</span> <span class='ocrx_word' id='word_1_101' title='bbox 584 2554 826 2630; x_wconf 91' lang='lat' dir='ltr'>consul</span> <span class='ocrx_word' id='word_1_102' title='bbox 886 2557 976 2630; x_wconf 91' lang='lat' dir='ltr'>de</span> <span class='ocrx_word' id='word_1_103' title='bbox 1043 2555 1204 2631; x_wconf 89' lang='lat' dir='ltr'>casu</span> <span class='ocrx_word' id='word_1_104' title='bbox 1263 2559 1688 2656; x_wconf 86' lang='lat' dir='ltr'>legatorum,</span> <span class='ocrx_word' id='word_1_105' title='bbox 1752 2558 2019 2634; x_wconf 85' lang='lat' dir='ltr'>adduci</span> <span class='ocrx_word' id='word_1_106' title='bbox 2068 2587 2187 2636; x_wconf 92' lang='lat' dir='ltr'>eos</span> <span class='ocrx_word' id='word_1_107' title='bbox 2238 2587 2281 2636; x_wconf 90' lang='lat' dir='ltr'>a</span> 
     </span>
     <span class='ocr_line' id='line_1_17' title="bbox 314 2675 2279 2780; baseline 0.002 -28"><span class='ocrx_word' id='word_1_108' title='bbox 314 2675 591 2776; x_wconf 85' lang='lat' dir='ltr'>Thyrio</span> <span class='ocrx_word' id='word_1_109' title='bbox 616 2677 830 2772; x_wconf 87' lang='lat' dir='ltr'>juffit.</span> <span class='ocrx_word' id='word_1_110' title='bbox 929 2679 1266 2776; x_wconf 84' lang='lat' dir='ltr'>Qorum</span> <span class='ocrx_word' id='word_1_111' title='bbox 1308 2676 1466 2775; x_wconf 91' lang='lat' dir='ltr'>post</span> <span class='ocrx_word' id='word_1_112' title='bbox 1498 2678 1887 2753; x_wconf 89' lang='lat' dir='ltr'>adventum</span> <span class='ocrx_word' id='word_1_113' title='bbox 1916 2679 2033 2780; x_wconf 90' lang='lat' dir='ltr'>agi</span> <span class='ocrx_word' id='word_1_114' title='bbox 2067 2705 2279 2779; x_wconf 89' lang='lat' dir='ltr'>coep-</span> 
     </span>
     <span class='ocr_line' id='line_1_18' title="bbox 315 2795 2281 2896; baseline 0.003 -26"><span class='ocrx_word' id='word_1_115' title='bbox 315 2819 472 2871; x_wconf 88' lang='lat' dir='ltr'>tum</span> <span class='ocrx_word' id='word_1_116' title='bbox 501 2795 600 2870; x_wconf 89' lang='lat' dir='ltr'>est</span> <span class='ocrx_word' id='word_1_117' title='bbox 619 2796 711 2870; x_wconf 88' lang='lat' dir='ltr'>de</span> <span class='ocrx_word' id='word_1_118' title='bbox 744 2821 939 2894; x_wconf 89' lang='lat' dir='ltr'>pace.</span> <span class='ocrx_word' id='word_1_119' title='bbox 1041 2797 1532 2894; x_wconf 87' lang='lat' dir='ltr'>Amynander,</span> <span class='ocrx_word' id='word_1_120' title='bbox 1576 2799 1779 2896; x_wconf 90' lang='lat' dir='ltr'>quod</span> <span class='ocrx_word' id='word_1_121' title='bbox 1804 2795 1911 2873; x_wconf 85' lang='lat' dir='ltr'>sui</span> <span class='ocrx_word' id='word_1_122' title='bbox 1966 2799 2281 2874; x_wconf 82' lang='lat' dir='ltr'>maxime</span> 
     </span>
     <span class='ocr_line' id='line_1_19' title="bbox 306 2913 2275 3014; baseline 0.003 -25"><span class='ocrx_word' id='word_1_123' title='bbox 306 2914 535 3014; x_wconf 88' lang='lat' dir='ltr'>operis</span> <span class='ocrx_word' id='word_1_124' title='bbox 559 2935 727 3002; x_wconf 82' lang='lat' dir='ltr'>erat,</span> <span class='ocrx_word' id='word_1_125' title='bbox 758 2913 1034 3012; x_wconf 86' lang='lat' dir='ltr'>inpigre</span> <span class='ocrx_word' id='word_1_126' title='bbox 1068 2917 1346 3013; x_wconf 89' lang='lat' dir='ltr'>agebat,</span> <span class='ocrx_word' id='word_1_127' title='bbox 1381 2938 1465 2990; x_wconf 89' lang='lat' dir='ltr'>ut</span> <span class='ocrx_word' id='word_1_128' title='bbox 1500 2917 2041 2994; x_wconf 87' lang='lat' dir='ltr'>Ambracienses</span> <span class='ocrx_word' id='word_1_129' title='bbox 2076 2945 2275 2994; x_wconf 86' lang='lat' dir='ltr'>com-</span> 
     </span>
     <span class='ocr_line' id='line_1_20' title="bbox 307 3033 2277 3137; baseline 0.002 -27"><span class='ocrx_word' id='word_1_130' title='bbox 307 3037 596 3133; x_wconf 88' lang='lat' dir='ltr'>pelleret</span> <span class='ocrx_word' id='word_1_131' title='bbox 639 3035 732 3110; x_wconf 87' lang='lat' dir='ltr'>ad</span> <span class='ocrx_word' id='word_1_132' title='bbox 765 3033 1231 3108; x_wconf 88' lang='lat' dir='ltr'>deditionem.</span> <span class='ocrx_word' id='word_1_133' title='bbox 1332 3035 1420 3110; x_wconf 91' lang='lat' dir='ltr'>Id</span> <span class='ocrx_word' id='word_1_134' title='bbox 1453 3061 1687 3134; x_wconf 89' lang='lat' dir='ltr'>quum</span> <span class='ocrx_word' id='word_1_135' title='bbox 1722 3063 1847 3135; x_wconf 91' lang='lat' dir='ltr'>per</span> <span class='ocrx_word' id='word_1_136' title='bbox 1890 3039 2277 3137; x_wconf 87' lang='lat' dir='ltr'>conloquia</span> 
     </span>
     <span class='ocr_line' id='line_1_21' title="bbox 312 3153 2279 3254; baseline 0.002 -24"><span class='ocrx_word' id='word_1_137' title='bbox 312 3154 749 3254; x_wconf 86' lang='lat' dir='ltr'>principum,</span> <span class='ocrx_word' id='word_1_138' title='bbox 796 3153 1176 3228; x_wconf 89' lang='lat' dir='ltr'>succedens</span> <span class='ocrx_word' id='word_1_139' title='bbox 1223 3180 1539 3243; x_wconf 89' lang='lat' dir='ltr'>murum,</span> <span class='ocrx_word' id='word_1_140' title='bbox 1583 3181 1831 3253; x_wconf 90' lang='lat' dir='ltr'>parum</span> <span class='ocrx_word' id='word_1_141' title='bbox 1861 3159 2240 3254; x_wconf 89' lang='lat' dir='ltr'>proficeret</span> <span class='ocrx_word' id='word_1_142' title='bbox 2256 3193 2279 3247; x_wconf 92' lang='lat'>;</span> 
     </span>
     <span class='ocr_line' id='line_1_22' title="bbox 303 3271 2267 3374; baseline 0.003 -26"><span class='ocrx_word' id='word_1_143' title='bbox 303 3275 680 3372; x_wconf 81' lang='lat' dir='ltr'>postremO,</span> <span class='ocrx_word' id='word_1_144' title='bbox 759 3271 1062 3348; x_wconf 89' lang='lat' dir='ltr'>consulis</span> <span class='ocrx_word' id='word_1_145' title='bbox 1146 3273 1472 3372; x_wconf 85' lang='lat' dir='ltr'>permiffu</span> <span class='ocrx_word' id='word_1_146' title='bbox 1557 3273 1894 3374; x_wconf 76' lang='lat' dir='ltr'>ingressus</span> <span class='ocrx_word' id='word_1_147' title='bbox 1982 3280 2267 3368; x_wconf 87' lang='lat' dir='ltr'>urbem,</span> 
     </span>
     <span class='ocr_line' id='line_1_23' title="bbox 315 3392 2283 3496; baseline 0.002 -27"><span class='ocrx_word' id='word_1_148' title='bbox 315 3395 570 3494; x_wconf 89' lang='lat' dir='ltr'>partim</span> <span class='ocrx_word' id='word_1_149' title='bbox 616 3392 928 3480; x_wconf 88' lang='lat' dir='ltr'>confili0,</span> <span class='ocrx_word' id='word_1_150' title='bbox 984 3392 1236 3492; x_wconf 88' lang='lat' dir='ltr'>partim</span> <span class='ocrx_word' id='word_1_151' title='bbox 1297 3393 1653 3491; x_wconf 87' lang='lat' dir='ltr'>precibus,</span> <span class='ocrx_word' id='word_1_152' title='bbox 1708 3393 1947 3485; x_wconf 88' lang='lat' dir='ltr'>evicit,</span> <span class='ocrx_word' id='word_1_153' title='bbox 2007 3417 2092 3470; x_wconf 90' lang='lat' dir='ltr'>ut</span> <span class='ocrx_word' id='word_1_154' title='bbox 2128 3424 2283 3496; x_wconf 87' lang='lat' dir='ltr'>per-</span> 
     </span>
     <span class='ocr_line' id='line_1_24' title="bbox 309 3511 2281 3592; baseline 0.001 -2"><span class='ocrx_word' id='word_1_155' title='bbox 309 3514 668 3590; x_wconf 87' lang='lat' dir='ltr'>mitterent</span> <span class='ocrx_word' id='word_1_156' title='bbox 718 3511 784 3586; x_wconf 92' lang='lat' dir='ltr'>se</span> <span class='ocrx_word' id='word_1_157' title='bbox 824 3513 1196 3586; x_wconf 77' lang='lat' dir='ltr'>Romanis,</span> <span class='ocrx_word' id='word_1_158' title='bbox 1302 3515 1396 3586; x_wconf 95' lang='lat' dir='ltr'>Et</span> <span class='ocrx_word' id='word_1_159' title='bbox 1465 3515 1761 3588; x_wconf 90' lang='lat' dir='ltr'>Aetolos</span> <span class='ocrx_word' id='word_1_160' title='bbox 1819 3517 1905 3591; x_wconf 91' lang='lat' dir='ltr'>C.</span> <span class='ocrx_word' id='word_1_161' title='bbox 1962 3515 2281 3592; x_wconf 88' lang='lat' dir='ltr'>Valerius</span> 
     </span>
     <span class='ocr_line' id='line_1_25' title="bbox 315 3631 2280 3731; baseline 0.001 -23"><span class='ocrx_word' id='word_1_162' title='bbox 315 3631 615 3708; x_wconf 76' lang='lat' dir='ltr'>Laevim</span> <span class='ocrx_word' id='word_1_163' title='bbox 663 3632 878 3720; x_wconf 88' lang='lat' dir='ltr'>filius,</span> <span class='ocrx_word' id='word_1_164' title='bbox 933 3631 1061 3731; x_wconf 89' lang='lat' dir='ltr'>qui</span> <span class='ocrx_word' id='word_1_165' title='bbox 1115 3657 1286 3707; x_wconf 92' lang='lat' dir='ltr'>cum</span> <span class='ocrx_word' id='word_1_166' title='bbox 1331 3657 1412 3706; x_wconf 89' lang='lat' dir='ltr'>ea</span> <span class='ocrx_word' id='word_1_167' title='bbox 1445 3655 1655 3730; x_wconf 89' lang='lat' dir='ltr'>gente</span> <span class='ocrx_word' id='word_1_168' title='bbox 1682 3633 1999 3730; x_wconf 89' lang='lat' dir='ltr'>primum</span> <span class='ocrx_word' id='word_1_169' title='bbox 2027 3635 2280 3710; x_wconf 91' lang='lat' dir='ltr'>amici-</span> 
     </span>
     <span class='ocr_line' id='line_1_26' title="bbox 319 3749 2283 3853; baseline 0.002 -27"><span class='ocrx_word' id='word_1_170' title='bbox 319 3753 488 3828; x_wconf 87' lang='lat' dir='ltr'>tiam</span> <span class='ocrx_word' id='word_1_171' title='bbox 519 3752 904 3851; x_wconf 89' lang='lat' dir='ltr'>pepigerat,</span> <span class='ocrx_word' id='word_1_172' title='bbox 956 3749 1260 3826; x_wconf 88' lang='lat' dir='ltr'>consulis</span> <span class='ocrx_word' id='word_1_173' title='bbox 1304 3749 1535 3839; x_wconf 89' lang='lat' dir='ltr'>frater,</span> <span class='ocrx_word' id='word_1_174' title='bbox 1591 3774 1809 3827; x_wconf 89' lang='lat' dir='ltr'>matre</span> <span class='ocrx_word' id='word_1_175' title='bbox 1843 3754 2127 3853; x_wconf 85' lang='lat' dir='ltr'>genitus</span> <span class='ocrx_word' id='word_1_176' title='bbox 2170 3783 2283 3830; x_wconf 89' lang='lat' dir='ltr'>ea-</span> 
     </span>
     <span class='ocr_line' id='line_1_27' title="bbox 315 3869 2281 3972; baseline 0 -24"><span class='ocrx_word' id='word_1_177' title='bbox 315 3875 507 3962; x_wconf 90' lang='lat' dir='ltr'>dem,</span> <span class='ocrx_word' id='word_1_178' title='bbox 553 3872 832 3972; x_wconf 87' lang='lat' dir='ltr'>egregie</span> <span class='ocrx_word' id='word_1_179' title='bbox 853 3869 1149 3969; x_wconf 84' lang='lat' dir='ltr'>adjuvit.</span> <span class='ocrx_word' id='word_1_180' title='bbox 1248 3869 1811 3960; x_wconf 88' lang='lat' dir='ltr'>Ambracienses,</span> <span class='ocrx_word' id='word_1_181' title='bbox 1845 3871 2039 3971; x_wconf 88' lang='lat' dir='ltr'>prius</span> <span class='ocrx_word' id='word_1_182' title='bbox 2067 3873 2281 3971; x_wconf 70' lang='lat' dir='ltr'>pacti,</span> 
     </span>
     <span class='ocr_line' id='line_1_28' title="bbox 313 3989 2277 4081; baseline -0.001 -13"><span class='ocrx_word' id='word_1_183' title='bbox 313 4015 389 4070; x_wconf 91' lang='lat' dir='ltr'>ut</span> <span class='ocrx_word' id='word_1_184' title='bbox 456 3996 878 4068; x_wconf 89' lang='lat' dir='ltr'>Aetolorum</span> <span class='ocrx_word' id='word_1_185' title='bbox 925 3989 1295 4066; x_wconf 82' lang='lat' dir='ltr'>auxiliares</span> <span class='ocrx_word' id='word_1_186' title='bbox 1353 3992 1490 4064; x_wconf 89' lang='lat' dir='ltr'>fine</span> <span class='ocrx_word' id='word_1_187' title='bbox 1538 3989 1785 4065; x_wconf 88' lang='lat' dir='ltr'>fraude</span> <span class='ocrx_word' id='word_1_188' title='bbox 1849 3989 2277 4081; x_wconf 88' lang='lat' dir='ltr'>emitterent,</span> 
     </span>
    </p>
   </div>
   <div class='ocr_carea' id='block_1_3' title="bbox 317 4108 2283 4304">
    <p class='ocr_par' dir='ltr' id='par_1_3' title="bbox 317 4108 2283 4304">
     <span class='ocr_line' id='line_1_29' title="bbox 317 4108 2283 4212; baseline 0 -24"><span class='ocrx_word' id='word_1_189' title='bbox 317 4132 736 4212; x_wconf 84' lang='lat' dir='ltr'>aperuerunt</span> <span class='ocrx_word' id='word_1_190' title='bbox 761 4133 1017 4211; x_wconf 88' lang='lat' dir='ltr'>portas.</span> <span class='ocrx_word' id='word_1_191' title='bbox 1096 4108 1288 4187; x_wconf 89' lang='lat' dir='ltr'>Dein</span> <span class='ocrx_word' id='word_1_192' title='bbox 1323 4109 1670 4208; x_wconf 88' lang='lat' dir='ltr'>[Aetoli,]</span> <span class='ocrx_word' id='word_1_193' title='bbox 1699 4121 1749 4155; x_wconf 89' lang='lat'>“</span> <span class='ocrx_word' id='word_1_194' title='bbox 1782 4131 1863 4186; x_wconf 93' lang='lat' dir='ltr'>ut</span> <span class='ocrx_word' id='word_1_195' title='bbox 1890 4109 2283 4212; x_wconf 84' lang='lat' dir='ltr'>quingenta</span> 
     </span>
     <span class='ocr_line' id='line_1_30' title="bbox 1256 4231 1326 4304; baseline 0 0"><span class='ocrx_word' id='word_1_196' title='bbox 1256 4231 1326 4304; x_wconf 92' lang='lat' dir='ltr'>N</span> 
     </span>
    </p>
   </div>
  </div>
 </body>
</html>
