3100 5359
853 711 928 784 L
983 737 1012 784 1
1077 736 1117 786 B
1169 735 1214 785 E
1265 735 1312 785 a
1413 712 1803 788 XXXVII.
2172 737 2305 810 149

346 895 398 929 ‘⁸
435 896 732 982 partam,
789 910 982 960 nunc
1015 885 1341 960 servitute
1372 906 1478 959 tot
1510 885 1907 961 civitatium
1957 884 2303 960 deforma·

345 1013 397 1046 ⁸⁸
435 1005 622 1079 retis.
700 1006 844 1078 Sed
868 1009 960 1080 ab
979 1008 1110 1080 hac
1143 1008 1557 1093 necestitate,
1592 1028 1714 1081 aut
1742 1005 1997 1105 gratiae
2034 1005 2107 1078 in
2129 1003 2304 1078 ami-

345 1133 400 1166 “
439 1149 612 1196 cum
665 1122 1122 1211 minuendae,
1195 1144 1317 1198 aut
1373 1125 1635 1223 gloriae
1687 1126 1972 1211 vestrae,
2019 1123 2307 1222 egregie

345 1252 399 1286 ‘⁸
435 1268 562 1316 vos
595 1242 880 1317 fortuna
903 1242 1238 1318 vindicat.
1342 1243 1466 1316 Est
1498 1243 1691 1316 enim
1716 1247 1957 1318 Deum
1980 1242 2303 1341 benigni-

345 1372 400 1408 ⁸‘
437 1383 576 1438 tate
623 1388 768 1438 non
820 1360 1114 1461 gloriosa
1164 1361 1416 1462 magiS,
1467 1387 1685 1460 quam
1736 1363 1958 1449 diveS,
2016 1363 2309 1438 victoria

347 1490 400 1526 ‘⁸
437 1483 689 1557 vestras
745 1493 927 1579 'quae
959 1507 1084 1556 vos
1113 1479 1318 1556 facile
1353 1480 1483 1555 isto
1517 1483 1714 1556 velut
1744 1508 1897 1556 aere
1929 1481 2159 1555 alieno
2185 1508 2307 1557 ex-

347 1613 402 1646 “
439 1602 676 1676 solvat.
777 1605 968 1676 Nam
997 1606 1066 1674 &·
1101 1601 1491 1698 Lycaonia,
1541 1606 1608 1675 &
1644 1601 1961 1699 Phrygia·
1982 1621 2305 1698 utraque,

347 1731 402 1766 ⁸⁸
441 1725 511 1796 δε
544 1719 800 1796 Pifidia
821 1719 1080 1806 omniS,
1147 1721 1222 1792 δε
1253 1718 1747 1808 Chersonesu5‚
1815 1747 2139 1818 quaeque
2178 1722 2309 1795 cir-

349 1852 402 1886 “
441 1841 840 1937 cumjacent
913 1843 1261 1936 Europae,
1326 1839 1400 1914 in
1445 1839 1665 1914 vestra
1721 1839 1881 1914 sunt
1946 1841 2305 1938 potestate.

353 1971 408 2006 “
443 1966 772 2062 Qarurn
805 1985 949 2034 una
980 1959 1338 2057 quaelibet
1362 1958 1510 2058 regi
1543 1959 1811 2056 adjecta
1844 1959 2308 2058 multiplicare

352 2092 409 2126 ‘⁸
444 2105 746 2179 regnum
765 2076 1106 2152 Eumenis
1125 2077 1382 2175 potest:
1413 2103 1658 2152 omnes
1678 2103 1844 2151 vero
1865 2079 2064 2152 datae
2085 2077 2309 2152 maxi-

351 2211 406 2248 ‘⁸
444 2199 582 2275 mis
627 2224 796 2273 eum
849 2195 1134 2295 regibus
1181 2223 1500 2294 aequare.
1600 2196 1814 2272 Licet
1862 2223 2029 2296 ergo
2079 2197 2307 2285 vobiS,

351 2329 410 2364 ‘⁸
445 2324 516 2393 δι
571 2316 898 2416 praemiis
947 2316 1114 2392 belli
1150 2316 1370 2390 ditare
1405 2314 1652 2404 socios,
1689 2320 1756 2389 ὅτ
1790 2343 1932 2389 non
1968 2318 2309 2391 decedere

355 2438 768 2512 “instituto
824 2436 1075 2523 vestro,
1135 2440 1203 2509 δε
1270 2434 1689 2521 meminisse,
1746 2459 1963 2532 quem
2016 2435 2309 2511 titulum

352 2570 407 2603 ‘⁸
443 2555 968 2656 praetenderitis
1020 2554 1211 2653 prius
1252 2553 1575 2628 adversus
1608 2553 2063 2654 philippum,
2118 2580 2312 2629 nunc

352 2688 406 2722 ‘⁸
439 2675 764 2752 adversus
849 2675 1322 2762 Antiochum,
1426 2673 1635 2748 belli:
1721 2674 1903 2772 quid
1986 2673 2310 2760 feceritiS,

355 2809 408 2842 ‘⁸
445 2797 786 2895 Philippo
817 2794 1043 2882 vi&o;
1098 2793 1296 2892 quid'
1331 2819 1523 2867 nunc
1554 2819 1595 2866 a
1626 2793 1853 2880 vobiS,
1906 2820 2051 2867 non
2086 2793 2311 2892 magis

357 2927 408 2962 ‘⁸
447 2916 623 3015 quia
666 2914 946 3003 fecistis,
999 2940 1218 3015 quam
1268 2912 1440 3011 quia
1503 2911 1583 2986 id
1640 2939 1767 2987 vos
1813 2913 2033 2987 facere
2080 2914 2311 3002 decet,

355 3047 410 3082 ‘⁸
441 3037 867 3111 defideretur
919 3057 1131 3133 atque
1186 3030 1641 3130 exspectetur.
1743 3032 1909 3106 Alia
1936 3031 2129 3106 enim
2163 3031 2315 3105 aliis

356 3166 409 3203 ⁸⁸
448 3155 522 3228 δι
586 3155 872 3230 honesta
926 3153 1028 3228 est
1086 3157 1154 3226 δε
1208 3150 1593 3250 probabilis
1652 3154 1877 3225 caussa
1932 3177 2313 3226 armorum.

355 3287 408 3324 ‘⁸
449 3275 564 3351 Illi
630 3301 905 3374 agrum,
969 3273 1045 3346 hi
1102 3271 1323 3357 vicos,
1387 3269 1462 3344 hi
1521 3269 1812 3368 oppida,
1892 3269 1969 3344 hi
2040 3292 2312 3368 portus»,

356 3405 410 3440 ⁸⁸
449 3419 787 3491 oramque
848 3392 1158 3490 aliquam
1231 3389 1440 3464 maris
1503 3411 1587 3462 ut
1644 3390 2045 3488 poffideant.
2171 3392 2319 3463 Vos

356 3524 409 3558 ‘⁸
443 3541 578 3588 nec
599 3513 885 3612 cupistis
905 3514 1104 3597 haee,
1130 3531 1510 3606 antequam
1531 3507 1907 3587 haberetis:
1934 3533 2065 3583 nec
2092 3533 2314 3595 nunc,

357 3644 412 3678 ‘⁸
449 3658 676 3732 quum
706 3631 892 3707 orbis
921 3653 1254 3704 terrarum
1275 3627 1350 3701 in
1379 3627 1655 3706 ditione
1674 3629 1895 3703 vestra
1920 3632 2024 3716 fit,
2060 3652 2318 3726 cupere

363 3763 417 3799 ‘⁸
459 3751 764 3850 potestis·
865 3753 1006 3824 Pro
1063 3747 1406 3847 dignitate
1461 3750 1528 3824 81
1594 3747 1813 3845 gloria
1871 3748 2064 3847 apud
2106 3772 2319 3821 omne

361 3883 416 3916 ‘⁸
458 3897 681 3970 genus
713 3873 1137 3954 humanum,
1195 3865 1392 3964 quod
1424 3865 1731 3941 vestrum
1783 3893 2044 3943 nornen
2098 3867 2321 3965 impe-

362 4003 418 4037 ⁸‘
459 3992 788 4089 riumque
801 3990 1010 4085 juxta
1055 4015 1135 4062 ac
1181 3985 1374 4062 Deos
1413 3984 1815 4060 inmortales
1836 3987 1986 4082 jam
2044 3985 2322 4084 pridem

365 4121 418 4158 ⁸⁸
459 4111 800 4199 intuetur,
862 4105 1248 4208 pugnastis.
1347 4109 1552 4206 Qae
1600 4131 1833 4206 parare
1876 4111 1944 4182 δε
1989 4129 2321 4204 quaerere
