3100 5359
2486 1 2831 61 ’Τ
2980 6 3073 350 Ἰ.

802 748 944 821 290
1387 692 2008 799 T.'L1v11

809 895 1065 995 iniquo
1091 896 1190 971 est
1211 895 1761 973 circumventus
1842 894 2173 997 Qatuor
2198 882 2425 968 millia
2448 894 2767 973 militum

810 1017 1096 1105 amiffa3
1149 1022 1216 1091 ὅτ
1274 1015 1574 1116 legionis
1624 1015 1969 1091 secundae
2004 1013 2201 1113 figna.
2238 1013 2393 1102 tria,
2428 1017 2775 1092 undecim

813 1136 1071 1212 vexilla
1118 1136 1387 1212 socium
1441 1134 1687 1211 Latini
1722 1134 2033 1209 nominis
2059 1134 2137 1208 in
2172 1134 2589 1233 potestatem
2622 1135 2776 1210 hos-

813 1254 998 1331 tium
1023 1276 1396 1343 venerunt,
1433 1260 1502 1330 &
1527 1280 1719 1330 arma
1746 1257 1994 1343 multa,
2048 1280 2258 1353 quae,
2294 1255 2466 1356 quia
2496 1255 2779 1355 inpedi-

811 1396 1055 1450 mento
1082 1373 1523 1473 fugientibus
1547 1401 1673 1474 per
1697 1376 2020 1450 filvestres
2055 1375 2331 1452 semitas
2355 1396 2579 1465 erant,
2631 1374 2777 1475 pas·

811 1498 934 1569 firn
976 1496 1440 1592 jadiabantur.
1541 1495 1746 1570 Prius
1790 1494 2129 1594 sequendi
2164 1497 2471 1597 Ligures
2528 1498 2777 1584 finem,

812 1641 1032 1715 quam
1065 1615 1274 1715 fugae
1309 1616 1653 1704 Romani,
1688 1614 2028 1691 fecerunt.
2128 1616 2421 1705 Consul,
2470 1616 2607 1693 ubi
2642 1616 2778 1716 pri-

809 1760 1018 1811 mum
1050 1762 1140 1811 ex
1165 1736 1476 1811 hostium
1509 1762 1680 1835 agro
1714 1740 1943 1824 evafit,
2000 1763 2116 1825 ne,
2164 1758 2515 1835 quantum
2551 1736 2778 1811 demi·

813 1877 1025 1930 nutae
1071 1856 1314 1956 copiae
1360 1855 1617 1944 forent,
1652 1858 2035 1955 adpareret,
2058 1856 2133 1929 in
2160 1856 2333 1931 locis
2366 1857 2633 1956 pacatis
2658 1884 2777 1931 ex·

809 1976 1113 2053 ercitum
1167 1976 1449 2050 dimisit.
1549 1980 1725 2050 Non
1790 1999 2027 2051 tamen
2086 1975 2455 2052 obliterare
2514 1976 2777 2053 famam

809 2097 910 2171 rei
962 2099 1146 2171 male
1199 2096 1428 2195 gestae
1479 2096 1738 2195 potuit.
1840 2100 2033 2172 Nam
2080 2096 2313 2187 saltus,
2365 2098 2565 2173 unde
2610 2124 2779 2172 eum

812 2216 1119 2317 Ligures
1140 2215 1578 2315 fugaverant,
1630 2215 1953 2292 Marcius
1987 2218 2087 2292 est
2118 2220 2532 2317 adpellatuS.

908 2340 1120 2413 XXI.
1219 2339 1370 2410 Sub
1403 2339 1599 2412 hunc
1634 2339 1987 2413 nuncium
2032 2364 2123 2411 ex
2164 2337 2567 2437 Ligustinis
2616 2342 2779 2413 vul·

813 2478 1063 2559 gatum
1094 2456 1359 2546 literae,
1391 2484 1482 2532 ex
1515 2456 1865 2555 Hispania
1886 2458 2185 2533 mixtam
2208 2458 2477 2557 'gaudio
2509 2459 2779 2534 tristiti·
3072 2446 3075 2657 ι

809 2606 927 2654 arn
971 2576 1388 2666 adferentes,
1443 2578 1769 2653 recitatae
1838 2578 2019 2653 sunt.
2120 2582 2205 2653 C.
2275 2578 2601 2667 Atinius,
2649 2578 2777 2679 qui

809 2696 1106 2774 biennio
1153 2719 1313 2772 ante
1350 2720 1625 2797 praetor
1657 2698 1733 2771 in
1767 2724 1925 2773 eam
1952 2698 2387 2797 provinciam
2418 2698 2779 2797 profefims

811 2839 984 2905 erat,
1036 2844 1210 2893 curn
1256 2818 1609 2893 Lusitanis
1636 2816 1711 2892 in
1744 2844 1913 2917 agro
1942 2818 2210 2892 Astenfi
2240 2818 2448 2918 fignis
2482 2818 2781 2896 conlatis
3070 2818 3073 2963 Ι

807 2938 1181 3037 pugnavit.
1286 2939 1411 3011 Ad
1444 2936 1563 3013 sex
1594 2935 1817 3011 millia
1848 2935 2161 3011 hostium
2186 2936 2349 3011 sunt
2369 2937 2563 3013 caesa
2593 2972 2613 3013 z
2667 2965 2781 3015 ce·

811 3056 941 3132 te‘ri
992 3055 1148 3145 fufi,
1203 3055 1458 3157 fugati,
1517 3055 1893 3155 castrisque
1930 3056 2153 3131 exuti.
2253 3060 2378 3132 Ad
2421 3058 2781 3157 oppidum

810 3175 1073 3252 deinde
1118 3175 1368 3251 Astam
1401 3177 1977 3275 obpugnandum
2012 3176 2326 3276 legiones
2360 3178 2592 3253 ducit.
2694 3180 2780 3253 Id
3068 3120 3070 3268 Ι

811 3321 1107 3395 quoque
1191 3297 1388 3370 haud
1466 3296 1699 3370 multo
1766 3296 2027 3391 majore
2114 3296 2495 3372 certamine
2553 3298 2778 3398 cepit,

812 3441 1034 3516 quam
1100 3415 1352 3500 castra;
1413 3412 1560 3502 sed,
1628 3416 1809 3489 dum
1866 3415 2222 3491 incautius
2272 3415 2465 3493 subit
2507 3412 2809 3509 muros,

810 3536 996 3612 isius
1023 3535 1114 3611 e'x
1145 3537 1432 3609 vulnere
1449 3534 1609 3633 post
1637 3534 1789 3609 dies
1808 3560 2071 3632 paucos
2102 3535 2418 3611 moritur.
2516 3538 2784 3614 Literis

811 3660 904 3733 de
966 3677 1193 3731 morte
1258 3654 1725 3754 propraetoris
1782 3655 2114 3744 recitatis,
2170 3655 2440 3731 senatus
2504 3658 2783 3733 censuit

808 3776 1274 3863 mittendum,
1298 3774 1428 3871 qui
1462 3776 1555 3848 ad
1583 3777 1837 3850 Lunae
1866 3797 2155 3875 portum
2189 3778 2275 3850 C.
2306 3778 2782 3875 Calpurnium

814 3920 1202 3999 praetorem
1249 3893 1791 3991 consequeretur
1812 3929 1837 3983 3
1889 3894 2429 3993 nunciaretque,
2460 3895 2779 3973 senatum

812 4041 1128 4116 aequum
1175 4014 1478 4103 censere,
1531 4042 1623 4089 ne
1676 4017 1815 4089 fine
1860 4014 2160 4113 imperio
2190 4015 2558 4113 provincia
2586 4020 2777 4107 effer,
2818 4006 2829 4017 ’

813 4158 1160 4215 maturare
1199 4162 1368 4213 eum
1421 4134 1793 4236 proficisci.
1860 4140 2169 4238 'Qarto
2202 4135 2347 4227 die,
2376 4135 2504 4237 qui
2538 4136 2779 4213 miffus
