3100 5359
2668 2 2811 9 *”
3013 2 3062 291 l

774 727 925 825 384
1365 725 2142 809 T.L1v11‚

779 898 1045 985 effent3
1094 895 1411 971 maxime
1464 894 1668 971 falsae
1719 894 1962 971 literae
2007 896 2104 970 T.
2129 893 2460 996 Qinffii
2493 920 2754 999 urgue-

776 1018 977 1095 bant.
1074 1014 1285 1092 Nihil
1332 1036 1570 1092 tamen
1615 1018 1851 1115 palam
1890 1015 2171 1115 gravius
2204 1016 2752 1115 pronunciatum

780 1140 875 1217 de
924 1164 1015 1213 eo
1066 1138 1193 1227 est,
1244 1158 1328 1212 ut
1370 1138 1545 1213 dolo
1597 1135 1834 1237 potius
1867 1134 2418 1211 interficeretur:
2491 1164 2626 1215 nec
2677 1138 2756 1215 id

776 1282 949 1333 cura
994 1257 1233 1356 ipfius,
1282 1255 1404 1333 sed
1464 1286 1556 1335 ne
1613 1284 1844 1360 poena
1901 1258 2052 1354 ejus
2102 1257 2390 1333 confina
2429 1259 2756 1335 adversus

776 1378 1149 1455 Romanos
1168 1378 1490 1453 nudaret.
1555 1380 1682 1461 Ab
1703 1378 2196 1453 Theffalonice
2217 1379 2750 1455 Demetriadem

777 1495 901 1595 ipfi
944 1522 1179 1597 quum
1222 1495 1355 1573 iter
1409 1500 1602 1587 effet,
1655 1498 2030 1573 Astraeum
2053 1541 2060 1547 ·
2084 1498 2434 1575 Paeoniae
2489 1502 2750 1577 Deme-

773 1616 1021 1699 trium,
1053 1615 1275 1694 mittit
1324 1644 1497 1695 cum
1546 1620 1806 1693 eodem
1844 1618 2108 1695 comite
2145 1619 2371 1708 Dida,
2425 1620 2751 1727 Perseum

774 1735 1307 1837 Amphipolim,
1368 1740 1461 1813 ad
1506 1742 1783 1815 obfides
1837 1741 2209 1815 Thracum
2273 1740 2749 1841 accipiendos.

778 1857 1233 1959 Digredienti
1278 1860 1372 1935 ab
1428 1858 1498 1936 se
1550 1858 1789 1935 Didae
1826 1862 2162 1937 mandata
2193 1861 2462 1937 dedifl‘e
2489 1861 2752 1939 dicitur

776 1980 873 2057 de
896 1979 1049 2057 filio
1073 1979 1495 2059 occidendo.
1593 1979 2038 2056 Sacrificium
2063 1984 2156 2062 ab
2191 1981 2390 2057 Dida
2413 1981 2534 2055 seu
2565 1981 2748 2057 insti-

773 2120 1044 2191 tutum,
1078 2102 1195 2177 seu
1225 2102 1626 2177 simulatum
1659 2101 1782 2177 est.
1859 2103 1988 2177 Ad
2014 2104 2215 2202 quod
2243 2104 2748 2178 celebrandurn

772 2220 1111 2299 invitatus
1165 2220 1576 2299 Demetrius
1617 2224 1708 2297 ab
1743 2222 2042 2297 Astraeo
2073 2224 2502 2299 Heracleam
2535 2221 2748 2301 veuit.

772 2344 861 2419 In
916 2366 1001 2417 ea
1056 2368 1279 2417 coena
1334 2340 1600 2418 dicitur
1661 2366 2026 2417 venenum
2091 2344 2372 2417 datum.
2473 2344 2752 2418 Poculo

772 2484 1017 2561 epoto,
1049 2464 1413 2562 extemplo
1441 2460 1663 2537 senfit.
1735 2464 1833 2537 Et
1865 2488 2038 2537 mox
2065 2462 2324 2537 coortis
2353 2463 2750 2551 doloribus,

772 2584 1017 2661 relicto
1074 2581 1435 2670 convivio,
1486 2608 1720 2682 quum
1779 2581 1855 2655 in
1913 2581 2338 2658 cubiculum
2392 2582 2750 2681 recepiss'et

771 2702 934 2791 sese,
987 2704 1479 2779 crudelitatem
1510 2702 1728 2802 patris
1761 2728 2230 2801 conquerens,
2281 2700 2748 2799 parricidium

770 2822 1021 2912 fratris,
1089 2848 1173 2899 ac
1250 2823 1488 2899 Didae
1542 2822 1769 2900 scelus
1831 2821 2184 2913 incusam,
2261 2826 2747 2921 torquebatur.

770 2942 1147 3019 Intromiffi
1200 2944 1465 3021 deinde
1512 2946 1800 3043 Thyrsis
1849 2943 2156 3042 quidam
2197 2946 2626 3019 Stuberaeus
2671 2944 2744 3017 δε

772 3068 1159 3143 Beroeaeus
1203 3066 1638 3153 Alexander,
1691 3063 1964 3163 injeffls
2009 3063 2363 3166 tapetibus
2417 3064 2494 3139 in
2537 3086 2746 3163 caput

656 3192 665 3205 “
770 3184 1178 3285 fmcesque,
1226 3184 1552 3285 spiritum
1605 3183 2172 3261 intercluserunt.
2271 3189 2380 3259 Ita
2411 3183 2750 3261 innoxius

768 3306 1203 3396 adolescens,
1252 3332 1483 3405 quum
1515 3304 1594 3383 in
1619 3331 1706 3381 eo
1739 3332 1830 3381 ne
1864 3304 2158 3403 fimplici
2195 3304 2494 3403 quidem
2529 3332 2742 3405 gene-

770 3453 849 3503 re
878 3426 1127 3503 mortis
1158 3426 1477 3503 contenti
1512 3425 1788 3503 inimici
1825 3424 2136 3513 fuifl‘ent,
2187 3425 2630 3501 interficitur.

866 3549 1115 3623 XXV.
1214 3550 1423 3624 Dum
1466 3550 1642 3622 haec
1675 3546 1750 3621 in
1785 3545 2224 3623 Macedonia
2249 3569 2618 3646 geruntur,
2653 3548 2744 3621 t.

770 3666 1127 3745 Aemilius
1154 3669 1471 3756 Paullus,
1505 3688 1878 3768 prorogato
1899 3692 1990 3741 ex
2016 3665 2386 3743 consulatu
2417 3667 2746 3766 imperio,

766 3787 1125 3891 principio
1155 3787 1334 3863 veris
1363 3788 1441 3862 in
1474 3789 1786 3888 Ligures
1819 3792 2180 3889 Ingaunos
2207 3789 2604 3865 exercitum
2637 3790 2742 3865 in-

768 3908 1115 3987 troduxie
1214 3908 1373 3985 Ubi
1417 3908 1736 4006 primum
1781 3908 1858 3983 in
1889 3908 2202 3985 hostium
2235 3910 2502 3985 finibus
2530 3910 2748 3985 castra

768 4029 1031 4133 posuit,
1074 4027 1287 4129 legati
1311 4030 1404 4104 ad
1438 4056 1637 4119 eum,
1672 4056 1798 4128 per
1828 4028 2132 4129 speciem
2158 4029 2348 4128 pacis
2367 4032 2740 4130 petendae,

767 4150 1211 4251 speculatum
1241 4171 1611 4227 venerunt.
1713 4152 2045 4253 Negante
2078 4152 2366 4242 Paullo,
2413 4150 2543 4227 nifi
2569 4176 2740 4229 cum

2589 4356 2636 4401 Q

3043 307 3062 623 l
