<?xml version="1.0" encoding="UTF-8"?>
<!DOCTYPE html PUBLIC "-//W3C//DTD XHTML 1.0 Transitional//EN"
    "http://www.w3.org/TR/xhtml1/DTD/xhtml1-transitional.dtd">
<html xmlns="http://www.w3.org/1999/xhtml" xml:lang="en" lang="en">
 <head>
  <title>
</title>
<meta http-equiv="Content-Type" content="text/html;charset=utf-8" />
  <meta name='ocr-system' content='tesseract 3.04.00' />
  <meta name='ocr-capabilities' content='ocr_page ocr_carea ocr_par ocr_line ocrx_word'/>
</head>
<body>
  <div class='ocr_page' id='page_1' title='image "./tliviipatavinih01homegoog_0219.png"; bbox 0 0 3100 5359; ppageno 0'>
   <div class='ocr_carea' id='block_1_1' title="bbox 839 732 2329 816">
    <p class='ocr_par' dir='ltr' id='par_1_1' title="bbox 839 732 2329 816">
     <span class='ocr_line' id='line_1_1' title="bbox 839 732 2329 816; baseline -0.002 -1"><span class='ocrx_word' id='word_1_1' title='bbox 839 742 913 815; x_wconf 92' lang='lat' dir='ltr'>L</span> <span class='ocrx_word' id='word_1_2' title='bbox 967 765 992 814; x_wconf 86' lang='lat'>1</span> <span class='ocrx_word' id='word_1_3' title='bbox 1054 765 1116 814; x_wconf 82' lang='lat' dir='ltr'>B·</span> <span class='ocrx_word' id='word_1_4' title='bbox 1155 763 1202 813; x_wconf 71' lang='grc' dir='ltr'><strong><em>Ε</em></strong></span> <span class='ocrx_word' id='word_1_5' title='bbox 1257 763 1304 813; x_wconf 79' lang='lat' dir='ltr'>R</span> <span class='ocrx_word' id='word_1_6' title='bbox 1408 732 1843 816; x_wconf 86' lang='lat' dir='ltr'><strong>XXXVIII.</strong></span> <span class='ocrx_word' id='word_1_7' title='bbox 2198 764 2329 812; x_wconf 88' lang='lat'>211</span> 
     </span>
    </p>
   </div>
   <div class='ocr_carea' id='block_1_2' title="bbox 329 913 2367 4264">
    <p class='ocr_par' dir='ltr' id='par_1_2' title="bbox 329 913 2333 2311">
     <span class='ocr_line' id='line_1_2' title="bbox 346 913 2333 1012; baseline -0.001 -26"><span class='ocrx_word' id='word_1_8' title='bbox 346 935 522 986; x_wconf 87' lang='lat' dir='ltr'>rum</span> <span class='ocrx_word' id='word_1_9' title='bbox 555 913 652 987; x_wconf 89' lang='lat' dir='ltr'>ad</span> <span class='ocrx_word' id='word_1_10' title='bbox 683 939 874 988; x_wconf 89' lang='lat' dir='ltr'>mare</span> <span class='ocrx_word' id='word_1_11' title='bbox 907 916 1246 990; x_wconf 88' lang='lat' dir='ltr'>haberent</span> <span class='ocrx_word' id='word_1_12' title='bbox 1269 913 1576 1001; x_wconf 88' lang='lat' dir='ltr'>aditum,</span> <span class='ocrx_word' id='word_1_13' title='bbox 1612 917 1658 988; x_wconf 86' lang='lat' dir='ltr'><strong>fi</strong></span> <span class='ocrx_word' id='word_1_14' title='bbox 1690 915 1981 1012; x_wconf 90' lang='lat' dir='ltr'>quando</span> <span class='ocrx_word' id='word_1_15' title='bbox 2014 913 2333 986; x_wconf 85' lang='lat' dir='ltr'><strong>Romam</strong></span> 
     </span>
     <span class='ocr_line' id='line_1_3' title="bbox 339 1030 2329 1133; baseline 0 -29"><span class='ocrx_word' id='word_1_16' title='bbox 339 1030 581 1107; x_wconf 79' lang='lat' dir='ltr'>aliove</span> <span class='ocrx_word' id='word_1_17' title='bbox 636 1059 787 1132; x_wconf 90' lang='lat' dir='ltr'>quo</span> <span class='ocrx_word' id='word_1_18' title='bbox 842 1033 1203 1110; x_wconf 83' lang='lat' dir='ltr'>mitterent</span> <span class='ocrx_word' id='word_1_19' title='bbox 1233 1036 1532 1133; x_wconf 70' lang='lat' dir='ltr'>legat03‚</span> <span class='ocrx_word' id='word_1_20' title='bbox 1584 1035 1937 1132; x_wconf 80' lang='lat' dir='ltr'>simulque</span> <span class='ocrx_word' id='word_1_21' title='bbox 1972 1053 2055 1106; x_wconf 89' lang='lat' dir='ltr'>ut</span> <span class='ocrx_word' id='word_1_22' title='bbox 2086 1057 2329 1130; x_wconf 88' lang='lat' dir='ltr'>empo-</span> 
     </span>
     <span class='ocr_line' id='line_1_4' title="bbox 351 1150 2331 1254; baseline 0.001 -29"><span class='ocrx_word' id='word_1_23' title='bbox 351 1150 552 1228; x_wconf 84' lang='lat' dir='ltr'>rium</span> <span class='ocrx_word' id='word_1_24' title='bbox 609 1158 680 1228; x_wconf 87' lang='lat'>&amp;</span> <span class='ocrx_word' id='word_1_25' title='bbox 714 1156 1242 1252; x_wconf 85' lang='lat' dir='ltr'>receptaculum</span> <span class='ocrx_word' id='word_1_26' title='bbox 1274 1152 1661 1254; x_wconf 83' lang='lat' dir='ltr'>peregrinis</span> <span class='ocrx_word' id='word_1_27' title='bbox 1694 1152 2053 1228; x_wconf 85' lang='lat' dir='ltr'>mercibus</span> <span class='ocrx_word' id='word_1_28' title='bbox 2084 1153 2177 1227; x_wconf 80' lang='lat' dir='ltr'>ad</span> <span class='ocrx_word' id='word_1_29' title='bbox 2211 1178 2331 1226; x_wconf 89' lang='lat' dir='ltr'>ne-</span> 
     </span>
     <span class='ocr_line' id='line_1_5' title="bbox 329 1273 2331 1363; baseline 0.001 -17"><span class='ocrx_word' id='word_1_30' title='bbox 329 1273 660 1350; x_wconf 85' lang='lat' dir='ltr'>ceffarios</span> <span class='ocrx_word' id='word_1_31' title='bbox 685 1274 850 1350; x_wconf 86' lang='lat' dir='ltr'>usus</span> <span class='ocrx_word' id='word_1_32' title='bbox 896 1278 1087 1363; x_wconf 83' lang='lat' dir='ltr'>effet,</span> <span class='ocrx_word' id='word_1_33' title='bbox 1113 1277 1320 1349; x_wconf 69' lang='lat' dir='ltr'>nocte</span> <span class='ocrx_word' id='word_1_34' title='bbox 1339 1273 1569 1349; x_wconf 90' lang='lat' dir='ltr'>adorti</span> <span class='ocrx_word' id='word_1_35' title='bbox 1590 1273 1835 1349; x_wconf 81' lang='lat' dir='ltr'>vicum</span> <span class='ocrx_word' id='word_1_36' title='bbox 1862 1273 2331 1362; x_wconf 88' lang='lat' dir='ltr'>maritimum,</span> 
     </span>
     <span class='ocr_line' id='line_1_6' title="bbox 343 1392 2329 1492; baseline -0.001 -25"><span class='ocrx_word' id='word_1_37' title='bbox 343 1393 653 1469; x_wconf 87' lang='lat' dir='ltr'>nomine</span> <span class='ocrx_word' id='word_1_38' title='bbox 679 1398 870 1486; x_wconf 88' lang='lat' dir='ltr'>Lan,</span> <span class='ocrx_word' id='word_1_39' title='bbox 903 1393 1262 1492; x_wconf 84' lang='lat' dir='ltr'>inproviso</span> <span class='ocrx_word' id='word_1_40' title='bbox 1291 1418 1754 1491; x_wconf 89' lang='lat' dir='ltr'>occupavere.</span> <span class='ocrx_word' id='word_1_41' title='bbox 1858 1393 2138 1480; x_wconf 86' lang='lat' dir='ltr'><strong>Vicani,</strong></span> <span class='ocrx_word' id='word_1_42' title='bbox 2167 1392 2329 1491; x_wconf 87' lang='lat' dir='ltr'>qui-</span> 
     </span>
     <span class='ocr_line' id='line_1_7' title="bbox 336 1513 2327 1613; baseline 0 -25"><span class='ocrx_word' id='word_1_43' title='bbox 336 1538 492 1612; x_wconf 85' lang='lat' dir='ltr'>que</span> <span class='ocrx_word' id='word_1_44' title='bbox 550 1514 656 1590; x_wconf 90' lang='lat' dir='ltr'>ibi</span> <span class='ocrx_word' id='word_1_45' title='bbox 715 1514 988 1590; x_wconf 83' lang='lat' dir='ltr'>exsules</span> <span class='ocrx_word' id='word_1_46' title='bbox 1050 1515 1492 1602; x_wconf 85' lang='lat' dir='ltr'>habitabant,</span> <span class='ocrx_word' id='word_1_47' title='bbox 1554 1514 1791 1612; x_wconf 89' lang='lat' dir='ltr'>primo</span> <span class='ocrx_word' id='word_1_48' title='bbox 1852 1513 2218 1613; x_wconf 88' lang='lat' dir='ltr'>inopinata</span> <span class='ocrx_word' id='word_1_49' title='bbox 2252 1539 2327 1588; x_wconf 90' lang='lat' dir='ltr'>re</span> 
     </span>
     <span class='ocr_line' id='line_1_8' title="bbox 335 1633 2327 1734; baseline -0.001 -26"><span class='ocrx_word' id='word_1_50' title='bbox 335 1633 572 1709; x_wconf 85' lang='lat' dir='ltr'>territi</span> <span class='ocrx_word' id='word_1_51' title='bbox 615 1633 819 1711; x_wconf 76' lang='lat' dir='ltr'>sunt:</span> <span class='ocrx_word' id='word_1_52' title='bbox 873 1634 1164 1723; x_wconf 84' lang='lat' dir='ltr'>deinde,</span> <span class='ocrx_word' id='word_1_53' title='bbox 1220 1634 1353 1710; x_wconf 93' lang='lat' dir='ltr'>sub</span> <span class='ocrx_word' id='word_1_54' title='bbox 1405 1635 1647 1709; x_wconf 86' lang='lat' dir='ltr'>lucem</span> <span class='ocrx_word' id='word_1_55' title='bbox 1695 1633 2134 1734; x_wconf 84' lang='lat' dir='ltr'>congregati,</span> <span class='ocrx_word' id='word_1_56' title='bbox 2188 1633 2327 1709; x_wconf 89' lang='lat' dir='ltr'>levi</span> 
     </span>
     <span class='ocr_line' id='line_1_9' title="bbox 337 1754 2329 1855; baseline -0.001 -25"><span class='ocrx_word' id='word_1_57' title='bbox 337 1759 733 1831; x_wconf 87' lang='lat' dir='ltr'>certamine</span> <span class='ocrx_word' id='word_1_58' title='bbox 798 1757 1227 1855; x_wconf 82' lang='lat' dir='ltr'>expulerunt</span> <span class='ocrx_word' id='word_1_59' title='bbox 1290 1754 1928 1830; x_wconf 83' lang='lat' dir='ltr'>Lacedaemonios.</span> <span class='ocrx_word' id='word_1_60' title='bbox 2063 1758 2329 1829; x_wconf 89' lang='lat' dir='ltr'>Terror</span> 
     </span>
     <span class='ocr_line' id='line_1_10' title="bbox 339 1875 2327 1974; baseline 0 -26"><span class='ocrx_word' id='word_1_61' title='bbox 339 1895 590 1948; x_wconf 86' lang='lat' dir='ltr'>tamen</span> <span class='ocrx_word' id='word_1_62' title='bbox 623 1901 918 1962; x_wconf 85' lang='lat' dir='ltr'>omnem</span> <span class='ocrx_word' id='word_1_63' title='bbox 951 1875 1382 1950; x_wconf 83' lang='lat' dir='ltr'>maritimam</span> <span class='ocrx_word' id='word_1_64' title='bbox 1417 1901 1615 1950; x_wconf 89' lang='lat' dir='ltr'>oram</span> <span class='ocrx_word' id='word_1_65' title='bbox 1648 1879 1937 1974; x_wconf 74' lang='lat' dir='ltr'>pervasit</span> <span class='ocrx_word' id='word_1_66' title='bbox 1965 1905 1983 1948; x_wconf 74' lang='grc' dir='ltr'><strong>ε</strong></span> <span class='ocrx_word' id='word_1_67' title='bbox 2036 1875 2327 1974; x_wconf 86' lang='lat' dir='ltr'>legatos-</span> 
     </span>
     <span class='ocr_line' id='line_1_11' title="bbox 338 1993 2325 2094; baseline 0.001 -26"><span class='ocrx_word' id='word_1_68' title='bbox 338 2018 491 2092; x_wconf 88' lang='lat' dir='ltr'>que</span> <span class='ocrx_word' id='word_1_69' title='bbox 521 1994 1030 2084; x_wconf 87' lang='lat' dir='ltr'>communiter,</span> <span class='ocrx_word' id='word_1_70' title='bbox 1068 2000 1138 2070; x_wconf 76' lang='grc' dir='ltr'>ὅτ</span> <span class='ocrx_word' id='word_1_71' title='bbox 1165 1995 1441 2070; x_wconf 88' lang='lat' dir='ltr'>castella</span> <span class='ocrx_word' id='word_1_72' title='bbox 1473 1995 1719 2070; x_wconf 85' lang='lat' dir='ltr'>omnia</span> <span class='ocrx_word' id='word_1_73' title='bbox 1748 1993 2066 2094; x_wconf 88' lang='lat' dir='ltr'>vicique,</span> <span class='ocrx_word' id='word_1_74' title='bbox 2104 2000 2173 2069; x_wconf 79' lang='grc' dir='ltr'>ὅτ</span> <span class='ocrx_word' id='word_1_75' title='bbox 2204 2021 2325 2070; x_wconf 84' lang='lat' dir='ltr'>ex-</span> 
     </span>
     <span class='ocr_line' id='line_1_12' title="bbox 341 2114 2325 2216; baseline -0.001 -26"><span class='ocrx_word' id='word_1_76' title='bbox 341 2114 558 2204; x_wconf 88' lang='lat' dir='ltr'>sules,</span> <span class='ocrx_word' id='word_1_77' title='bbox 594 2115 869 2216; x_wconf 87' lang='lat' dir='ltr'>quibus</span> <span class='ocrx_word' id='word_1_78' title='bbox 903 2114 1011 2190; x_wconf 86' lang='lat' dir='ltr'>ibi</span> <span class='ocrx_word' id='word_1_79' title='bbox 1042 2114 1409 2192; x_wconf 89' lang='lat' dir='ltr'>domicilia</span> <span class='ocrx_word' id='word_1_80' title='bbox 1443 2135 1664 2202; x_wconf 90' lang='lat' dir='ltr'>erant,</span> <span class='ocrx_word' id='word_1_81' title='bbox 1699 2117 1791 2188; x_wconf 83' lang='lat' dir='ltr'>ad</span> <span class='ocrx_word' id='word_1_82' title='bbox 1827 2117 2157 2190; x_wconf 88' lang='lat' dir='ltr'>Achaeos</span> <span class='ocrx_word' id='word_1_83' title='bbox 2192 2115 2325 2190; x_wconf 89' lang='lat' dir='ltr'>mi-</span> 
     </span>
     <span class='ocr_line' id='line_1_13' title="bbox 341 2233 609 2311; baseline 0.004 -1"><span class='ocrx_word' id='word_1_84' title='bbox 341 2233 609 2311; x_wconf 82' lang='lat' dir='ltr'>serunt.</span> 
     </span>
    </p>

    <p class='ocr_par' dir='ltr' id='par_1_3' title="bbox 329 2355 2367 4264">
     <span class='ocr_line' id='line_1_14' title="bbox 440 2355 2323 2456; baseline 0 -24"><span class='ocrx_word' id='word_1_85' title='bbox 440 2359 728 2432; x_wconf 88' lang='lat' dir='ltr'><strong>XXXI.</strong></span> <span class='ocrx_word' id='word_1_86' title='bbox 830 2355 1350 2456; x_wconf 85' lang='lat' dir='ltr'>Philopoemen</span> <span class='ocrx_word' id='word_1_87' title='bbox 1414 2377 1717 2456; x_wconf 86' lang='lat' dir='ltr'>praetor,</span> <span class='ocrx_word' id='word_1_88' title='bbox 1774 2356 1925 2453; x_wconf 91' lang='lat' dir='ltr'>jam</span> <span class='ocrx_word' id='word_1_89' title='bbox 1991 2356 2165 2432; x_wconf 90' lang='lat' dir='ltr'>inde</span> <span class='ocrx_word' id='word_1_90' title='bbox 2232 2360 2323 2432; x_wconf 90' lang='lat' dir='ltr'>ab</span> 
     </span>
     <span class='ocr_line' id='line_1_15' title="bbox 337 2473 2324 2575; baseline -0.001 -22"><span class='ocrx_word' id='word_1_91' title='bbox 337 2473 558 2554; x_wconf 77' lang='lat' dir='ltr'>initio</span> <span class='ocrx_word' id='word_1_92' title='bbox 585 2477 913 2553; x_wconf 82' lang='lat' dir='ltr'>exsulum</span> <span class='ocrx_word' id='word_1_93' title='bbox 947 2481 1215 2554; x_wconf 74' lang='lat' dir='ltr'>caussae</span> <span class='ocrx_word' id='word_1_94' title='bbox 1235 2475 1304 2553; x_wconf 73' lang='grc' dir='ltr'>δι’</span> <span class='ocrx_word' id='word_1_95' title='bbox 1331 2477 1630 2567; x_wconf 86' lang='lat' dir='ltr'>amicus,</span> <span class='ocrx_word' id='word_1_96' title='bbox 1666 2477 1739 2548; x_wconf 75' lang='grc' dir='ltr'>δι</span> <span class='ocrx_word' id='word_1_97' title='bbox 1774 2480 2020 2553; x_wconf 72' lang='grc' dir='ltr'>ειυέὶοι·</span> <span class='ocrx_word' id='word_1_98' title='bbox 2052 2477 2324 2575; x_wconf 89' lang='lat' dir='ltr'>semper</span> 
     </span>
     <span class='ocr_line' id='line_1_16' title="bbox 343 2597 2323 2697; baseline -0.001 -23"><span class='ocrx_word' id='word_1_99' title='bbox 343 2597 662 2675; x_wconf 87' lang='lat' dir='ltr'>Achaeis</span> <span class='ocrx_word' id='word_1_100' title='bbox 711 2597 1090 2674; x_wconf 89' lang='lat' dir='ltr'>minuendi</span> <span class='ocrx_word' id='word_1_101' title='bbox 1137 2624 1303 2697; x_wconf 87' lang='lat' dir='ltr'>opes</span> <span class='ocrx_word' id='word_1_102' title='bbox 1337 2599 1412 2670; x_wconf 89' lang='lat'>&amp;</span> <span class='ocrx_word' id='word_1_103' title='bbox 1445 2598 1935 2673; x_wconf 65' lang='lat' dir='ltr'>auctoritatem</span> <span class='ocrx_word' id='word_1_104' title='bbox 1965 2599 2323 2674; x_wconf 87' lang='lat' dir='ltr'>Lacedae-</span> 
     </span>
     <span class='ocr_line' id='line_1_17' title="bbox 341 2717 2323 2816; baseline 0 -22"><span class='ocrx_word' id='word_1_105' title='bbox 341 2717 788 2806; x_wconf 84' lang='lat' dir='ltr'>moniorum,</span> <span class='ocrx_word' id='word_1_106' title='bbox 824 2717 1216 2793; x_wconf 90' lang='lat' dir='ltr'>concilium</span> <span class='ocrx_word' id='word_1_107' title='bbox 1249 2718 1714 2816; x_wconf 85' lang='lat' dir='ltr'>querentibus</span> <span class='ocrx_word' id='word_1_108' title='bbox 1749 2719 1970 2794; x_wconf 89' lang='lat' dir='ltr'>dedit.</span> <span class='ocrx_word' id='word_1_109' title='bbox 2059 2722 2323 2794; x_wconf 86' lang='lat' dir='ltr'>Decre-</span> 
     </span>
     <span class='ocr_line' id='line_1_18' title="bbox 341 2837 2323 2941; baseline -0.001 -28"><span class='ocrx_word' id='word_1_110' title='bbox 341 2859 678 2938; x_wconf 88' lang='lat' dir='ltr'>tumque‚</span> <span class='ocrx_word' id='word_1_111' title='bbox 761 2864 848 2913; x_wconf 93' lang='lat' dir='ltr'>eo</span> <span class='ocrx_word' id='word_1_112' title='bbox 925 2837 1289 2927; x_wconf 89' lang='lat' dir='ltr'>referente,</span> <span class='ocrx_word' id='word_1_113' title='bbox 1338 2838 1611 2913; x_wconf 66' lang='lat' dir='ltr'>factum</span> <span class='ocrx_word' id='word_1_114' title='bbox 1656 2839 1781 2927; x_wconf 90' lang='lat' dir='ltr'>est,</span> <span class='ocrx_word' id='word_1_115' title='bbox 1840 2851 1889 2882; x_wconf 95' lang='lat'><strong>“</strong></span> <span class='ocrx_word' id='word_1_116' title='bbox 1927 2846 2183 2941; x_wconf 84' lang='lat' dir='ltr'>Qum</span> <span class='ocrx_word' id='word_1_117' title='bbox 2244 2838 2323 2912; x_wconf 91' lang='lat' dir='ltr'>in</span> 
     </span>
     <span class='ocr_line' id='line_1_19' title="bbox 343 2957 2321 3060; baseline 0.001 -28"><span class='ocrx_word' id='word_1_118' title='bbox 343 2969 398 3003; x_wconf 80' lang='lat'>‘⁸</span> <span class='ocrx_word' id='word_1_119' title='bbox 436 2961 660 3032; x_wconf 90' lang='lat' dir='ltr'>fidem</span> <span class='ocrx_word' id='word_1_120' title='bbox 707 2959 1166 3034; x_wconf 85' lang='lat' dir='ltr'>Achaeorum</span> <span class='ocrx_word' id='word_1_121' title='bbox 1211 2960 1652 3058; x_wconf 87' lang='lat' dir='ltr'>tutelamque</span> <span class='ocrx_word' id='word_1_122' title='bbox 1686 2961 1781 3034; x_wconf 89' lang='lat' dir='ltr'>T.</span> <span class='ocrx_word' id='word_1_123' title='bbox 1825 2957 2217 3060; x_wconf 71' lang='lat' dir='ltr'>Qinffius</span> <span class='ocrx_word' id='word_1_124' title='bbox 2252 2963 2321 3034; x_wconf 80' lang='grc' dir='ltr'>δε</span> 
     </span>
     <span class='ocr_line' id='line_1_20' title="bbox 345 3077 2320 3154; baseline 0 -2"><span class='ocrx_word' id='word_1_125' title='bbox 345 3089 398 3122; x_wconf 91' lang='lat'><strong>“</strong></span> <span class='ocrx_word' id='word_1_126' title='bbox 435 3077 756 3153; x_wconf 88' lang='lat' dir='ltr'>Romani</span> <span class='ocrx_word' id='word_1_127' title='bbox 807 3078 1210 3154; x_wconf 86' lang='lat' dir='ltr'>Laconicae</span> <span class='ocrx_word' id='word_1_128' title='bbox 1263 3103 1424 3154; x_wconf 90' lang='lat' dir='ltr'>orae</span> <span class='ocrx_word' id='word_1_129' title='bbox 1469 3079 1745 3154; x_wconf 91' lang='lat' dir='ltr'>castella</span> <span class='ocrx_word' id='word_1_130' title='bbox 1778 3083 1845 3154; x_wconf 76' lang='grc' dir='ltr'>ὅτ</span> <span class='ocrx_word' id='word_1_131' title='bbox 1880 3079 2074 3153; x_wconf 89' lang='lat' dir='ltr'>vicos</span> <span class='ocrx_word' id='word_1_132' title='bbox 2106 3079 2320 3154; x_wconf 86' lang='lat' dir='ltr'>tradi·</span> 
     </span>
     <span class='ocr_line' id='line_1_21' title="bbox 341 3197 2318 3297; baseline 0.001 -24"><span class='ocrx_word' id='word_1_133' title='bbox 341 3209 398 3242; x_wconf 89' lang='lat'>“</span> <span class='ocrx_word' id='word_1_134' title='bbox 429 3198 711 3286; x_wconf 71' lang='lat' dir='ltr'>dissent,</span> <span class='ocrx_word' id='word_1_135' title='bbox 733 3197 836 3287; x_wconf 88' lang='lat'>&amp;,</span> <span class='ocrx_word' id='word_1_136' title='bbox 864 3224 1098 3297; x_wconf 91' lang='lat' dir='ltr'>quum</span> <span class='ocrx_word' id='word_1_137' title='bbox 1132 3198 1475 3274; x_wconf 90' lang='lat' dir='ltr'>abstinere</span> <span class='ocrx_word' id='word_1_138' title='bbox 1509 3199 1621 3274; x_wconf 91' lang='lat' dir='ltr'>his</span> <span class='ocrx_word' id='word_1_139' title='bbox 1653 3225 1745 3274; x_wconf 80' lang='lat' dir='ltr'>ex</span> <span class='ocrx_word' id='word_1_140' title='bbox 1779 3198 2061 3275; x_wconf 89' lang='lat' dir='ltr'>foedere</span> <span class='ocrx_word' id='word_1_141' title='bbox 2089 3202 2318 3275; x_wconf 81' lang='lat' dir='ltr'>Lac&#39;e-</span> 
     </span>
     <span class='ocr_line' id='line_1_22' title="bbox 340 3317 2317 3418; baseline 0 -24"><span class='ocrx_word' id='word_1_142' title='bbox 340 3327 396 3366; x_wconf 77' lang='lat'>‘⁶</span> <span class='ocrx_word' id='word_1_143' title='bbox 435 3317 798 3394; x_wconf 87' lang='lat' dir='ltr'>daemonii</span> <span class='ocrx_word' id='word_1_144' title='bbox 828 3321 1196 3406; x_wconf 87' lang='lat' dir='ltr'>deberent,</span> <span class='ocrx_word' id='word_1_145' title='bbox 1228 3323 1374 3394; x_wconf 87' lang='lat' dir='ltr'>Las</span> <span class='ocrx_word' id='word_1_146' title='bbox 1405 3318 1609 3394; x_wconf 87' lang='lat' dir='ltr'>vicus</span> <span class='ocrx_word' id='word_1_147' title='bbox 1635 3323 2091 3418; x_wconf 84' lang='lat' dir='ltr'>obpugnatus</span> <span class='ocrx_word' id='word_1_148' title='bbox 2120 3321 2317 3410; x_wconf 78' lang='lat' dir='ltr'>effet,</span> 
     </span>
     <span class='ocr_line' id='line_1_23' title="bbox 342 3437 2314 3538; baseline -0.001 -21"><span class='ocrx_word' id='word_1_149' title='bbox 342 3451 394 3486; x_wconf 90' lang='lat'>“</span> <span class='ocrx_word' id='word_1_150' title='bbox 430 3439 820 3537; x_wconf 86' lang='lat' dir='ltr'>caedesque</span> <span class='ocrx_word' id='word_1_151' title='bbox 875 3438 976 3513; x_wconf 88' lang='lat' dir='ltr'>ibi</span> <span class='ocrx_word' id='word_1_152' title='bbox 1013 3437 1239 3526; x_wconf 62' lang='lat' dir='ltr'>facta5</span> <span class='ocrx_word' id='word_1_153' title='bbox 1293 3439 1422 3538; x_wconf 92' lang='lat' dir='ltr'>qui</span> <span class='ocrx_word' id='word_1_154' title='bbox 1457 3439 1605 3535; x_wconf 88' lang='lat' dir='ltr'>ejus</span> <span class='ocrx_word' id='word_1_155' title='bbox 1638 3439 1735 3515; x_wconf 92' lang='lat' dir='ltr'>rei</span> <span class='ocrx_word' id='word_1_156' title='bbox 1773 3443 2089 3514; x_wconf 64' lang='lat' dir='ltr'>auctores</span> <span class='ocrx_word' id='word_1_157' title='bbox 2136 3441 2314 3515; x_wconf 87' lang='lat' dir='ltr'>adfi-</span> 
     </span>
     <span class='ocr_line' id='line_1_24' title="bbox 343 3558 2317 3658; baseline 0.002 -23"><span class='ocrx_word' id='word_1_158' title='bbox 343 3571 396 3605; x_wconf 85' lang='lat'><strong>“</strong></span> <span class='ocrx_word' id='word_1_159' title='bbox 432 3559 698 3658; x_wconf 90' lang='lat' dir='ltr'>nesque</span> <span class='ocrx_word' id='word_1_160' title='bbox 753 3561 994 3647; x_wconf 87' lang='lat' dir='ltr'>effent,</span> <span class='ocrx_word' id='word_1_161' title='bbox 1047 3558 1168 3632; x_wconf 88' lang='lat' dir='ltr'>nifi</span> <span class='ocrx_word' id='word_1_162' title='bbox 1223 3560 1655 3634; x_wconf 90' lang='lat' dir='ltr'>dederentur</span> <span class='ocrx_word' id='word_1_163' title='bbox 1711 3561 2046 3648; x_wconf 90' lang='lat' dir='ltr'>Achaeis,</span> <span class='ocrx_word' id='word_1_164' title='bbox 2096 3561 2317 3638; x_wconf 87' lang='lat' dir='ltr'>viola-</span> 
     </span>
     <span class='ocr_line' id='line_1_25' title="bbox 329 3678 2317 3784; baseline 0.003 -29"><span class='ocrx_word' id='word_1_165' title='bbox 329 3690 392 3726; x_wconf 46' lang='grc' dir='ltr'>Ὃ*</span> <span class='ocrx_word' id='word_1_166' title='bbox 429 3702 589 3755; x_wconf 89' lang='lat' dir='ltr'>tum</span> <span class='ocrx_word' id='word_1_167' title='bbox 619 3678 850 3754; x_wconf 86' lang='lat' dir='ltr'>videri</span> <span class='ocrx_word' id='word_1_168' title='bbox 877 3679 1199 3753; x_wconf 89' lang='lat' dir='ltr'>foedus.”</span> <span class='ocrx_word' id='word_1_169' title='bbox 1281 3680 1407 3754; x_wconf 93' lang='lat' dir='ltr'>Ad</span> <span class='ocrx_word' id='word_1_170' title='bbox 1435 3679 1920 3777; x_wconf 83' lang='lat' dir='ltr'>exposcendos</span> <span class='ocrx_word' id='word_1_171' title='bbox 1953 3709 2073 3757; x_wconf 87' lang='lat' dir='ltr'>eos</span> <span class='ocrx_word' id='word_1_172' title='bbox 2100 3685 2317 3784; x_wconf 87' lang='lat' dir='ltr'>legati</span> 
     </span>
     <span class='ocr_line' id='line_1_26' title="bbox 342 3799 2367 3903; baseline 0.002 -28"><span class='ocrx_word' id='word_1_173' title='bbox 342 3801 704 3899; x_wconf 82' lang='lat' dir='ltr'>extemplo</span> <span class='ocrx_word' id='word_1_174' title='bbox 758 3802 1380 3874; x_wconf 83' lang='lat' dir='ltr'>Lacedaemonem</span> <span class='ocrx_word' id='word_1_175' title='bbox 1442 3799 1621 3874; x_wconf 87' lang='lat' dir='ltr'>miffi</span> <span class='ocrx_word' id='word_1_176' title='bbox 1660 3799 1842 3875; x_wconf 89' lang='lat' dir='ltr'>sunt.</span> <span class='ocrx_word' id='word_1_177' title='bbox 1943 3805 2031 3877; x_wconf 92' lang='lat' dir='ltr'>Id</span> <span class='ocrx_word' id='word_1_178' title='bbox 2090 3803 2315 3903; x_wconf 87' lang='lat' dir='ltr'>impe·</span> <span class='ocrx_word' id='word_1_179' title='bbox 2358 3821 2367 3830; x_wconf 82' lang='lat'>&#39;</span> 
     </span>
     <span class='ocr_line' id='line_1_27' title="bbox 341 3919 2313 4018; baseline 0.002 -22"><span class='ocrx_word' id='word_1_180' title='bbox 341 3920 526 3996; x_wconf 86' lang='lat' dir='ltr'>rium</span> <span class='ocrx_word' id='word_1_181' title='bbox 560 3923 742 3995; x_wconf 90' lang='lat' dir='ltr'>adeo</span> <span class='ocrx_word' id='word_1_182' title='bbox 770 3919 1153 4018; x_wconf 88' lang='lat' dir='ltr'>superbum</span> <span class='ocrx_word' id='word_1_183' title='bbox 1187 3924 1254 3994; x_wconf 77' lang='grc' dir='ltr'>δε</span> <span class='ocrx_word' id='word_1_184' title='bbox 1293 3919 1677 4018; x_wconf 84' lang='lat' dir='ltr'>indignum</span> <span class='ocrx_word' id='word_1_185' title='bbox 1720 3924 2313 4000; x_wconf 86' lang='lat' dir='ltr'>Lacedaemoniis</span> 
     </span>
     <span class='ocr_line' id='line_1_28' title="bbox 341 4039 2309 4139; baseline 0.003 -25"><span class='ocrx_word' id='word_1_186' title='bbox 341 4040 568 4116; x_wconf 87' lang='lat' dir='ltr'>visum</span> <span class='ocrx_word' id='word_1_187' title='bbox 625 4041 750 4129; x_wconf 89' lang='lat' dir='ltr'>est,</span> <span class='ocrx_word' id='word_1_188' title='bbox 801 4063 910 4129; x_wconf 91' lang='lat' dir='ltr'>ut,</span> <span class='ocrx_word' id='word_1_189' title='bbox 963 4044 1008 4113; x_wconf 84' lang='lat' dir='ltr'>fi</span> <span class='ocrx_word' id='word_1_190' title='bbox 1054 4039 1351 4139; x_wconf 83' lang='lat' dir='ltr'>antiqua</span> <span class='ocrx_word' id='word_1_191' title='bbox 1409 4040 1716 4116; x_wconf 87' lang='lat' dir='ltr'>civitatis</span> <span class='ocrx_word' id='word_1_192' title='bbox 1780 4041 2064 4117; x_wconf 89' lang='lat' dir='ltr'>fortuna</span> <span class='ocrx_word' id='word_1_193' title='bbox 2117 4047 2309 4134; x_wconf 83' lang='lat' dir='ltr'>effet,</span> 
     </span>
     <span class='ocr_line' id='line_1_29' title="bbox 345 4161 2311 4264; baseline 0.003 -27"><span class='ocrx_word' id='word_1_194' title='bbox 345 4163 536 4238; x_wconf 88' lang='lat' dir='ltr'>haud</span> <span class='ocrx_word' id='word_1_195' title='bbox 631 4161 856 4240; x_wconf 90' lang='lat' dir='ltr'>dubie</span> <span class='ocrx_word' id='word_1_196' title='bbox 945 4187 1139 4238; x_wconf 88' lang='lat' dir='ltr'>arma</span> <span class='ocrx_word' id='word_1_197' title='bbox 1219 4163 1585 4262; x_wconf 84' lang='lat' dir='ltr'>extemplo</span> <span class='ocrx_word' id='word_1_198' title='bbox 1659 4162 1936 4264; x_wconf 85' lang='lat' dir='ltr'>capturi</span> <span class='ocrx_word' id='word_1_199' title='bbox 2020 4165 2311 4243; x_wconf 83' lang='lat' dir='ltr'>fuerint.</span> 
     </span>
    </p>
   </div>
  </div>
 </body>
</html>
