3100 5359
882 736 955 809 L
1009 761 1036 807 1
1096 761 1137 809 a
1194 760 1239 809 z
1296 760 1343 809 R
1408 736 1834 811 XXXVII.
2184 762 2314 835 ¹¹7

360 906 489 983 iter
524 932 651 1007 per
682 907 1213 997 Chersonesum,
1266 909 1816 1009 Hellespontum
1869 910 2310 1008 perveniunt.

360 1026 543 1114 Ubi,
598 1026 933 1101 omnibus
998 1051 1166 1101 cura
1214 1029 1393 1127 regis
1430 1029 1774 1103 Eumenis
1833 1030 1925 1103 ad
1968 1028 2310 1125 trajicien-

358 1146 533 1219 dum
569 1144 1007 1242 praeparatis,
1060 1148 1255 1220 velut
1280 1148 1355 1220 in
1387 1170 1630 1245 pacata
1657 1148 1882 1235 litora,
1920 1149 2116 1221 nullo
2145 1174 2306 1245 pro-

356 1264 670 1351 hibente,
736 1263 887 1337 aliis
938 1264 1077 1338 alio
1122 1265 1367 1340 delatis
1419 1267 1741 1355 navibus,
1803 1270 1939 1341 fine
1992 1269 2306 1341 tumultu

358 1383 699 1478 trajecere.
800 1386 906 1457 Ea
960 1408 1129 1458 vero
1188 1410 1291 1458 res
1343 1386 1692 1459 Romanis
1749 1386 1950 1459 auxit
2006 1384 2306 1473 animOS,

358 1504 763 1579 concessum
838 1501 964 1576 fibi
1043 1506 1315 1577 tranfire
1378 1504 1826 1579 cernentibus
1881 1504 1956 1577 in
2023 1509 2306 1592 Afiam3

360 1646 579 1718 quam
608 1646 759 1694 rem
790 1621 1032 1720 magni
1066 1622 1461 1697 certaminis
1512 1623 1820 1697 futuram
1851 1623 2309 1699 crediderant.

358 1740 619 1815 Stativa
650 1739 910 1814 deinde
967 1742 1061 1815 ad
1091 1739 1640 1839 Hellespontum
1701 1738 2159 1839 aliquamdiu:
2185 1746 2306 1819 ha-

356 1863 691 1946 buerunt,
717 1858 891 1956 quia
916 1858 1065 1933 dies
1096 1859 1299 1947 forte,
1352 1860 1616 1959 quibus
1638 1859 1893 1935 ancilia
1911 1882 2310 1953 moventur,

360 1977 653 2078 religiosi
688 1978 779 2051 ad
808 1978 939 2052 iter
972 1977 1383 2053 inciderant.
1485 1978 1718 2052 Iidem
1745 1978 1896 2053 dies
1928 1983 2008 2054 P.
2035 1980 2305 2079 Scipio-

360 2124 523 2172 nem
572 2097 895 2195 propiore
953 2096 1165 2171 etiam
1226 2096 1588 2196 religione,
1648 2096 1820 2194 quia
1867 2098 2088 2172 Salius
2139 2120 2307 2189 erat,

360 2218 839 2315 disjunxerant
856 2219 945 2292 ab
978 2216 1331 2290 exercitu:
1385 2217 1752 2312 cauffaque
1788 2218 1855 2288 ὅτ
1891 2215 1948 2289 is
1981 2216 2122 2313 ipse
2157 2244 2312 2293 mo-

361 2364 469 2413 rae
494 2360 665 2425 erat,
688 2337 865 2409 dum
898 2334 1455 2432 consequeretur.

454 2457 810 2532 XXXIV.
896 2458 1031 2545 Per
1081 2480 1199 2529 eos
1232 2453 1409 2527 forte
1454 2452 1604 2527 dies
1637 2456 1906 2553 legatus
1934 2458 2027 2532 ab
2061 2456 2318 2533 Antio-

361 2578 495 2650 cho
516 2574 589 2649 in
612 2574 827 2649 castra
856 2593 1137 2648 venerat
1163 2570 1541 2671 Byzantius
1577 2572 2021 2662 HeraclideS,
2083 2576 2174 2649 de
2191 2601 2311 2674 pa·
2331 2552 2350 2575 ’

364 2722 441 2769 ce
490 2693 807 2769 adferens
858 2694 1224 2769 mandata:
1277 2716 1495 2789 quam
1555 2691 2070 2790 impetrabilem
2133 2691 2307 2782 fore,

363 2838 687 2912 magnam
722 2813 787 2887 ei
814 2812 1007 2909 spem
1038 2810 1295 2885 adtulit
1318 2835 1515 2883 mora
1546 2814 1616 2882 &
1649 2811 2006 2886 cunctatio
2039 2814 2311 2887 Roma-

363 2958 616 3007 norum
638 2964 665 3019 3
718 2958 923 3030 quos,
958 2932 1158 3004 fimul
1192 2932 1429 3003 Afiam
1462 2927 1886 3027 adtigiffent,
1939 2930 2156 3005 effuso
2187 2958 2309 3032 ag-

363 3052 551 3126 mine
576 3052 669 3126 ad
700 3050 913 3126 castra
946 3049 1137 3148 regia
1168 3048 1385 3123 ituros
1417 3047 1826 3122 crediderat.
1924 3049 2180 3123 Statuit
2209 3072 2308 3125 ta-

362 3196 524 3245 men
558 3195 705 3245 non
737 3169 933 3268 prius
964 3168 1158 3242 adire
1205 3166 1592 3255 consulem,
1661 3191 1878 3264 quam
1925 3171 2005 3243 P.
2040 3168 2309 3267 Scipio-

364 3316 564 3364 nem:
648 3288 727 3362 δε
777 3289 874 3362 ita
939 3288 1355 3362 mandatum
1410 3288 1501 3362 ab
1559 3311 1722 3385 rege
1780 3306 1944 3362 erat.
2072 3290 2159 3361 In
2223 3315 2312 3363 eo

365 3408 746 3483 maximam
816 3407 1005 3505 spem
1066 3408 1393 3493 habebat,
1462 3427 1952 3505 praeterquam
2003 3409 2204 3504 quod
2238 3413 2310 3483 &

366 3525 784 3626 magnitudo
840 3526 1060 3599 animi
1120 3530 1189 3598 δε
1248 3521 1511 3598 satietas
1574 3525 1832 3623 gloriae
1889 3526 2308 3623 placabilem

364 3673 525 3721 eum
581 3644 893 3720 maxime
937 3644 1285 3731 faciebat,
1338 3665 1734 3740 notumque
1779 3665 1922 3717 erat
1952 3644 2309 3743 gentibus,

367 3767 489 3864 qui
528 3766 754 3841 victor
783 3764 901 3837 ille
949 3764 1027 3837 in
1060 3761 1433 3859 Hispania,
1486 3762 1616 3859 qui
1668 3761 1925 3838 deinde
1959 3763 2033 3837 in
2067 3764 2314 3841 Africa

365 3883 627 3960 fuiffet:
682 3883 893 3959 etiam
926 3882 1125 3979 quod
1158 3880 1345 3981 filius
1378 3882 1524 3976 ejus
1577 3903 1822 3979 captus
1865 3880 1942 3955 in
1977 3884 2310 3981 potestate

366 4004 539 4104 regis
570 4022 739 4078 erat.
836 4003 905 4075 Is
930 4000 1087 4088 ubi,
1141 4005 1210 4073 δε
1243 4001 1562 4097 quande,
1595 4004 1664 4075 &
1699 4026 1848 4098 quo
1881 4000 2309 4107 casucaptus

365 4126 467 4213 fit,
514 4127 687 4199 ficut
713 4123 1042 4220 pleraque
1077 4118 1233 4207 alia,
1264 4144 1515 4218 parum
1575 4119 1756 4195 inter
1787 4122 2101 4199 auctores
2141 4150 2307 4199 con-
