<?xml version="1.0" encoding="UTF-8"?>
<!DOCTYPE html PUBLIC "-//W3C//DTD XHTML 1.0 Transitional//EN"
    "http://www.w3.org/TR/xhtml1/DTD/xhtml1-transitional.dtd">
<html xmlns="http://www.w3.org/1999/xhtml" xml:lang="en" lang="en">
 <head>
  <title>
</title>
<meta http-equiv="Content-Type" content="text/html;charset=utf-8" />
  <meta name='ocr-system' content='tesseract 3.04.00' />
  <meta name='ocr-capabilities' content='ocr_page ocr_carea ocr_par ocr_line ocrx_word'/>
</head>
<body>
  <div class='ocr_page' id='page_1' title='image "./tliviipatavinih01homegoog_0036.png"; bbox 0 0 3100 5359; ppageno 0'>
   <div class='ocr_carea' id='block_1_1' title="bbox 767 702 2083 777">
    <p class='ocr_par' dir='ltr' id='par_1_1' title="bbox 767 702 2083 777">
     <span class='ocr_line' id='line_1_1' title="bbox 767 702 2083 777; baseline 0 -2"><span class='ocrx_word' id='word_1_1' title='bbox 767 706 863 777; x_wconf 80' lang='lat'>28</span> <span class='ocrx_word' id='word_1_2' title='bbox 1455 702 2083 775; x_wconf 82' lang='lat' dir='ltr'>T.L1vr1</span> 
     </span>
    </p>
   </div>
   <div class='ocr_carea' id='block_1_2' title="bbox 753 871 2733 4216">
    <p class='ocr_par' dir='ltr' id='par_1_2' title="bbox 755 871 2733 2772">
     <span class='ocr_line' id='line_1_2' title="bbox 759 871 2733 961; baseline 0.001 -13"><span class='ocrx_word' id='word_1_3' title='bbox 759 874 1184 948; x_wconf 83' lang='lat' dir='ltr'>Heracleam</span> <span class='ocrx_word' id='word_1_4' title='bbox 1243 874 1335 947; x_wconf 88' lang='lat' dir='ltr'>ad</span> <span class='ocrx_word' id='word_1_5' title='bbox 1375 876 1673 947; x_wconf 87' lang='lat' dir='ltr'>Aetolos</span> <span class='ocrx_word' id='word_1_6' title='bbox 1708 871 1955 961; x_wconf 87' lang='lat' dir='ltr'>mittit,</span> <span class='ocrx_word' id='word_1_7' title='bbox 2006 894 2089 947; x_wconf 93' lang='lat' dir='ltr'>ut</span> <span class='ocrx_word' id='word_1_8' title='bbox 2122 876 2302 949; x_wconf 86' lang='lat' dir='ltr'>hanc</span> <span class='ocrx_word' id='word_1_9' title='bbox 2338 872 2575 951; x_wconf 85' lang='lat' dir='ltr'>saltem</span> <span class='ocrx_word' id='word_1_10' title='bbox 2610 876 2733 951; x_wconf 86' lang='lat' dir='ltr'>fibi</span> 
     </span>
     <span class='ocr_line' id='line_1_3' title="bbox 759 993 2727 1091; baseline 0.001 -24"><span class='ocrx_word' id='word_1_11' title='bbox 759 1020 1048 1091; x_wconf 86' lang='lat' dir='ltr'>operam</span> <span class='ocrx_word' id='word_1_12' title='bbox 1083 1020 1170 1067; x_wconf 90' lang='lat' dir='ltr'>eo</span> <span class='ocrx_word' id='word_1_13' title='bbox 1203 993 1390 1067; x_wconf 90' lang='lat' dir='ltr'>bello</span> <span class='ocrx_word' id='word_1_14' title='bbox 1415 994 1856 1091; x_wconf 88' lang='lat' dir='ltr'>praestarent,</span> <span class='ocrx_word' id='word_1_15' title='bbox 1890 1016 1975 1069; x_wconf 89' lang='lat' dir='ltr'>ut</span> <span class='ocrx_word' id='word_1_16' title='bbox 1994 993 2285 1070; x_wconf 86' lang='lat' dir='ltr'>vertices</span> <span class='ocrx_word' id='word_1_17' title='bbox 2312 994 2501 1070; x_wconf 89' lang='lat' dir='ltr'>circa</span> <span class='ocrx_word' id='word_1_18' title='bbox 2524 1023 2727 1071; x_wconf 87' lang='lat' dir='ltr'>mon-</span> 
     </span>
     <span class='ocr_line' id='line_1_4' title="bbox 766 1112 2729 1213; baseline 0.002 -26"><span class='ocrx_word' id='word_1_19' title='bbox 766 1112 950 1187; x_wconf 86' lang='lat' dir='ltr'>tium</span> <span class='ocrx_word' id='word_1_20' title='bbox 1009 1135 1438 1209; x_wconf 85' lang='lat' dir='ltr'>occuparent</span> <span class='ocrx_word' id='word_1_21' title='bbox 1491 1115 2053 1213; x_wconf 87' lang='lat' dir='ltr'>obfiderentque,</span> <span class='ocrx_word' id='word_1_22' title='bbox 2120 1140 2208 1188; x_wconf 87' lang='lat' dir='ltr'>ne</span> <span class='ocrx_word' id='word_1_23' title='bbox 2259 1140 2405 1213; x_wconf 89' lang='lat' dir='ltr'>qua</span> <span class='ocrx_word' id='word_1_24' title='bbox 2455 1120 2729 1191; x_wconf 87' lang='lat' dir='ltr'>tranfire</span> 
     </span>
     <span class='ocr_line' id='line_1_5' title="bbox 767 1233 2728 1329; baseline 0.001 -21"><span class='ocrx_word' id='word_1_25' title='bbox 767 1235 1147 1309; x_wconf 87' lang='lat' dir='ltr'>Romanus</span> <span class='ocrx_word' id='word_1_26' title='bbox 1197 1234 1437 1329; x_wconf 84' lang='lat' dir='ltr'>poffet.</span> <span class='ocrx_word' id='word_1_27' title='bbox 1539 1236 1715 1308; x_wconf 90' lang='lat' dir='ltr'>Hoc</span> <span class='ocrx_word' id='word_1_28' title='bbox 1772 1233 2037 1309; x_wconf 91' lang='lat' dir='ltr'>nuncio</span> <span class='ocrx_word' id='word_1_29' title='bbox 2084 1234 2359 1323; x_wconf 88' lang='lat' dir='ltr'>audito,</span> <span class='ocrx_word' id='word_1_30' title='bbox 2410 1234 2728 1310; x_wconf 82' lang='lat' dir='ltr'>diffenfio</span> 
     </span>
     <span class='ocr_line' id='line_1_6' title="bbox 759 1351 2727 1453; baseline 0.004 -28"><span class='ocrx_word' id='word_1_31' title='bbox 759 1351 939 1427; x_wconf 89' lang='lat' dir='ltr'>inter</span> <span class='ocrx_word' id='word_1_32' title='bbox 985 1354 1278 1427; x_wconf 91' lang='lat' dir='ltr'>Aetolos</span> <span class='ocrx_word' id='word_1_33' title='bbox 1335 1374 1486 1427; x_wconf 92' lang='lat' dir='ltr'>orta</span> <span class='ocrx_word' id='word_1_34' title='bbox 1535 1352 1659 1427; x_wconf 89' lang='lat' dir='ltr'>est.</span> <span class='ocrx_word' id='word_1_35' title='bbox 1760 1358 1923 1429; x_wconf 88' lang='lat' dir='ltr'>Pars</span> <span class='ocrx_word' id='word_1_36' title='bbox 1980 1352 2279 1451; x_wconf 88' lang='lat' dir='ltr'>imperio</span> <span class='ocrx_word' id='word_1_37' title='bbox 2334 1358 2727 1453; x_wconf 88' lang='lat' dir='ltr'>parendum</span> 
     </span>
     <span class='ocr_line' id='line_1_7' title="bbox 759 1472 2725 1571; baseline 0.003 -26"><span class='ocrx_word' id='word_1_38' title='bbox 759 1472 944 1571; x_wconf 88' lang='lat' dir='ltr'>regis</span> <span class='ocrx_word' id='word_1_39' title='bbox 975 1494 1186 1570; x_wconf 91' lang='lat' dir='ltr'>atque</span> <span class='ocrx_word' id='word_1_40' title='bbox 1215 1474 1537 1547; x_wconf 89' lang='lat' dir='ltr'>eundum</span> <span class='ocrx_word' id='word_1_41' title='bbox 1574 1472 1971 1561; x_wconf 88' lang='lat' dir='ltr'>censebant,</span> <span class='ocrx_word' id='word_1_42' title='bbox 2024 1500 2181 1571; x_wconf 90' lang='lat' dir='ltr'>pars</span> <span class='ocrx_word' id='word_1_43' title='bbox 2215 1473 2725 1551; x_wconf 76' lang='lat' dir='ltr'>subsistendum</span> 
     </span>
     <span class='ocr_line' id='line_1_8' title="bbox 759 1584 2727 1690; baseline 0.002 -23"><span class='ocrx_word' id='word_1_44' title='bbox 759 1594 1150 1667; x_wconf 84' lang='lat' dir='ltr'>Heracleae</span> <span class='ocrx_word' id='word_1_45' title='bbox 1184 1596 1274 1666; x_wconf 88' lang='lat' dir='ltr'>ad</span> <span class='ocrx_word' id='word_1_46' title='bbox 1302 1615 1677 1690; x_wconf 89' lang='lat' dir='ltr'>utramque</span> <span class='ocrx_word' id='word_1_47' title='bbox 1714 1592 2069 1669; x_wconf 81' lang='lat' dir='ltr'>fortunam</span> <span class='ocrx_word' id='word_1_48' title='bbox 2099 1628 2119 1681; x_wconf 83' lang='lat'>3</span> <span class='ocrx_word' id='word_1_49' title='bbox 2174 1618 2281 1683; x_wconf 93' lang='lat' dir='ltr'>ut,</span> <span class='ocrx_word' id='word_1_50' title='bbox 2332 1600 2467 1671; x_wconf 84' lang='lat' dir='ltr'>five</span> <span class='ocrx_word' id='word_1_51' title='bbox 2498 1584 2727 1671; x_wconf 70' lang='lat' dir='ltr'>victus</span> 
     </span>
     <span class='ocr_line' id='line_1_9' title="bbox 757 1710 2725 1815; baseline 0.003 -30"><span class='ocrx_word' id='word_1_52' title='bbox 757 1739 800 1785; x_wconf 90' lang='lat' dir='ltr'>a</span> <span class='ocrx_word' id='word_1_53' title='bbox 833 1710 1114 1787; x_wconf 90' lang='lat' dir='ltr'>consule</span> <span class='ocrx_word' id='word_1_54' title='bbox 1149 1739 1271 1787; x_wconf 85' lang='lat' dir='ltr'>rex</span> <span class='ocrx_word' id='word_1_55' title='bbox 1301 1714 1490 1799; x_wconf 76' lang='lat' dir='ltr'>esset,</span> <span class='ocrx_word' id='word_1_56' title='bbox 1543 1714 1619 1785; x_wconf 88' lang='lat' dir='ltr'>in</span> <span class='ocrx_word' id='word_1_57' title='bbox 1658 1713 1998 1811; x_wconf 84' lang='lat' dir='ltr'>expedito</span> <span class='ocrx_word' id='word_1_58' title='bbox 2044 1717 2379 1790; x_wconf 89' lang='lat' dir='ltr'>haberent</span> <span class='ocrx_word' id='word_1_59' title='bbox 2425 1714 2725 1815; x_wconf 88' lang='lat' dir='ltr'>integras</span> 
     </span>
     <span class='ocr_line' id='line_1_10' title="bbox 757 1831 2725 1932; baseline 0.001 -25"><span class='ocrx_word' id='word_1_60' title='bbox 757 1831 999 1929; x_wconf 86' lang='lat' dir='ltr'>copias</span> <span class='ocrx_word' id='word_1_61' title='bbox 1051 1834 1144 1905; x_wconf 88' lang='lat' dir='ltr'>ad</span> <span class='ocrx_word' id='word_1_62' title='bbox 1189 1858 1402 1929; x_wconf 90' lang='lat' dir='ltr'>opem</span> <span class='ocrx_word' id='word_1_63' title='bbox 1455 1831 1879 1932; x_wconf 84' lang='lat' dir='ltr'>propinquis</span> <span class='ocrx_word' id='word_1_64' title='bbox 1923 1834 2287 1911; x_wconf 86' lang='lat' dir='ltr'>ferendam</span> <span class='ocrx_word' id='word_1_65' title='bbox 2321 1834 2725 1911; x_wconf 86' lang='lat' dir='ltr'>civitatibus</span> 
     </span>
     <span class='ocr_line' id='line_1_11' title="bbox 759 1950 2717 2055; baseline 0.002 -30"><span class='ocrx_word' id='word_1_66' title='bbox 759 1950 945 2039; x_wconf 85' lang='lat' dir='ltr'>suis;</span> <span class='ocrx_word' id='word_1_67' title='bbox 999 1955 1132 2025; x_wconf 85' lang='lat' dir='ltr'>five</span> <span class='ocrx_word' id='word_1_68' title='bbox 1161 1951 1498 2041; x_wconf 89' lang='lat' dir='ltr'>vinceret,</span> <span class='ocrx_word' id='word_1_69' title='bbox 1549 1974 1633 2026; x_wconf 90' lang='lat' dir='ltr'>ut</span> <span class='ocrx_word' id='word_1_70' title='bbox 1666 1952 2018 2052; x_wconf 87' lang='lat' dir='ltr'>diflipatos</span> <span class='ocrx_word' id='word_1_71' title='bbox 2052 1954 2127 2028; x_wconf 90' lang='lat' dir='ltr'>in</span> <span class='ocrx_word' id='word_1_72' title='bbox 2162 1954 2409 2055; x_wconf 89' lang='lat' dir='ltr'>fugam</span> <span class='ocrx_word' id='word_1_73' title='bbox 2445 1958 2717 2029; x_wconf 86' lang='lat' dir='ltr'>Roma·</span> 
     </span>
     <span class='ocr_line' id='line_1_12' title="bbox 759 2070 2723 2173; baseline 0.002 -28"><span class='ocrx_word' id='word_1_74' title='bbox 759 2098 888 2146; x_wconf 90' lang='lat' dir='ltr'>nos</span> <span class='ocrx_word' id='word_1_75' title='bbox 953 2070 1550 2170; x_wconf 79' lang='lat' dir='ltr'>persequerentur.</span> <span class='ocrx_word' id='word_1_76' title='bbox 1674 2074 1999 2171; x_wconf 87' lang='lat' dir='ltr'>Utraque</span> <span class='ocrx_word' id='word_1_77' title='bbox 2060 2100 2212 2173; x_wconf 90' lang='lat' dir='ltr'>pars</span> <span class='ocrx_word' id='word_1_78' title='bbox 2274 2101 2419 2148; x_wconf 91' lang='lat' dir='ltr'>non</span> <span class='ocrx_word' id='word_1_79' title='bbox 2478 2079 2723 2149; x_wconf 72' lang='lat' dir='ltr'>mansit</span> 
     </span>
     <span class='ocr_line' id='line_1_13' title="bbox 759 2190 2719 2281; baseline 0.002 -15"><span class='ocrx_word' id='word_1_80' title='bbox 759 2194 979 2266; x_wconf 90' lang='lat' dir='ltr'>modo</span> <span class='ocrx_word' id='word_1_81' title='bbox 1015 2191 1089 2265; x_wconf 94' lang='lat' dir='ltr'>in</span> <span class='ocrx_word' id='word_1_82' title='bbox 1121 2190 1460 2267; x_wconf 89' lang='lat' dir='ltr'>sententia</span> <span class='ocrx_word' id='word_1_83' title='bbox 1484 2191 1631 2281; x_wconf 90' lang='lat' dir='ltr'>sua,</span> <span class='ocrx_word' id='word_1_84' title='bbox 1666 2190 1785 2267; x_wconf 91' lang='lat' dir='ltr'>sed</span> <span class='ocrx_word' id='word_1_85' title='bbox 1812 2192 2023 2268; x_wconf 83' lang='lat' dir='ltr'>etiam</span> <span class='ocrx_word' id='word_1_86' title='bbox 2058 2193 2382 2269; x_wconf 84' lang='lat' dir='ltr'>exsecuta</span> <span class='ocrx_word' id='word_1_87' title='bbox 2414 2196 2515 2269; x_wconf 89' lang='lat' dir='ltr'>est</span> <span class='ocrx_word' id='word_1_88' title='bbox 2548 2220 2719 2269; x_wconf 91' lang='lat' dir='ltr'>con-</span> 
     </span>
     <span class='ocr_line' id='line_1_14' title="bbox 759 2310 2720 2390; baseline 0.001 -3"><span class='ocrx_word' id='word_1_89' title='bbox 759 2311 1010 2389; x_wconf 90' lang='lat' dir='ltr'>filium.</span> <span class='ocrx_word' id='word_1_90' title='bbox 1112 2314 1286 2386; x_wconf 87' lang='lat' dir='ltr'>Duo</span> <span class='ocrx_word' id='word_1_91' title='bbox 1319 2310 1544 2385; x_wconf 91' lang='lat' dir='ltr'>millia</span> <span class='ocrx_word' id='word_1_92' title='bbox 1598 2315 1987 2389; x_wconf 73' lang='lat' dir='ltr'>Heracleae</span> <span class='ocrx_word' id='word_1_93' title='bbox 2021 2314 2514 2390; x_wconf 85' lang='lat' dir='ltr'>substiterunt:</span> <span class='ocrx_word' id='word_1_94' title='bbox 2568 2318 2720 2389; x_wconf 91' lang='lat' dir='ltr'>duo</span> 
     </span>
     <span class='ocr_line' id='line_1_15' title="bbox 755 2430 2721 2523; baseline 0.002 -16"><span class='ocrx_word' id='word_1_95' title='bbox 755 2431 1086 2507; x_wconf 84' lang='lat' dir='ltr'>trifariam</span> <span class='ocrx_word' id='word_1_96' title='bbox 1115 2430 1336 2506; x_wconf 84' lang='lat' dir='ltr'>divisa</span> <span class='ocrx_word' id='word_1_97' title='bbox 1366 2431 1913 2521; x_wconf 85' lang='lat' dir='ltr'>Callidromum,</span> <span class='ocrx_word' id='word_1_98' title='bbox 1966 2438 2034 2507; x_wconf 87' lang='lat'>&amp;</span> <span class='ocrx_word' id='word_1_99' title='bbox 2070 2436 2597 2523; x_wconf 88' lang='lat' dir='ltr'>Rhoduntiam,</span> <span class='ocrx_word' id='word_1_100' title='bbox 2652 2440 2721 2511; x_wconf 77' lang='grc' dir='ltr'>δε</span> 
     </span>
     <span class='ocr_line' id='line_1_16' title="bbox 757 2551 2715 2650; baseline -0.002 -22"><span class='ocrx_word' id='word_1_101' title='bbox 757 2552 1152 2628; x_wconf 89' lang='lat' dir='ltr'>Tichiunta</span> <span class='ocrx_word' id='word_1_102' title='bbox 1187 2552 1391 2647; x_wconf 88' lang='lat' dir='ltr'>(haec</span> <span class='ocrx_word' id='word_1_103' title='bbox 1419 2551 1717 2627; x_wconf 86' lang='lat' dir='ltr'>nomina</span> <span class='ocrx_word' id='word_1_104' title='bbox 1748 2554 2241 2629; x_wconf 87' lang='lat' dir='ltr'>cacuminibus</span> <span class='ocrx_word' id='word_1_105' title='bbox 2275 2554 2464 2650; x_wconf 90' lang='lat' dir='ltr'>sunt)</span> <span class='ocrx_word' id='word_1_106' title='bbox 2500 2582 2715 2631; x_wconf 68' lang='lat' dir='ltr'>occu-</span> 
     </span>
     <span class='ocr_line' id='line_1_17' title="bbox 758 2698 1031 2772; baseline -0.007 -25"><span class='ocrx_word' id='word_1_107' title='bbox 758 2698 1031 2772; x_wconf 89' lang='lat' dir='ltr'>pavere.</span> 
     </span>
    </p>

    <p class='ocr_par' dir='ltr' id='par_1_3' title="bbox 753 2791 2723 4216">
     <span class='ocr_line' id='line_1_18' title="bbox 859 2791 2723 2893; baseline 0.003 -26"><span class='ocrx_word' id='word_1_108' title='bbox 859 2794 1097 2867; x_wconf 89' lang='lat' dir='ltr'><strong>XVII.</strong></span> <span class='ocrx_word' id='word_1_109' title='bbox 1197 2791 1464 2867; x_wconf 92' lang='lat' dir='ltr'>Consul</span> <span class='ocrx_word' id='word_1_110' title='bbox 1493 2793 1871 2891; x_wconf 87' lang='lat' dir='ltr'>postquam</span> <span class='ocrx_word' id='word_1_111' title='bbox 1908 2794 2147 2869; x_wconf 84' lang='lat' dir='ltr'>insessa</span> <span class='ocrx_word' id='word_1_112' title='bbox 2184 2796 2534 2893; x_wconf 82' lang='lat' dir='ltr'>superiora</span> <span class='ocrx_word' id='word_1_113' title='bbox 2566 2799 2723 2872; x_wconf 89' lang='lat' dir='ltr'>loca</span> 
     </span>
     <span class='ocr_line' id='line_1_19' title="bbox 758 2911 2717 3001; baseline 0.002 -12"><span class='ocrx_word' id='word_1_114' title='bbox 758 2918 850 2989; x_wconf 93' lang='lat' dir='ltr'>ab</span> <span class='ocrx_word' id='word_1_115' title='bbox 903 2912 1177 2988; x_wconf 88' lang='lat' dir='ltr'>Aetolis</span> <span class='ocrx_word' id='word_1_116' title='bbox 1231 2911 1438 3001; x_wconf 87' lang='lat' dir='ltr'>vidit,</span> <span class='ocrx_word' id='word_1_117' title='bbox 1513 2916 1630 2988; x_wconf 90' lang='lat' dir='ltr'>M.</span> <span class='ocrx_word' id='word_1_118' title='bbox 1683 2914 2023 2990; x_wconf 91' lang='lat' dir='ltr'>Porcium</span> <span class='ocrx_word' id='word_1_119' title='bbox 2098 2919 2447 2991; x_wconf 85' lang='lat' dir='ltr'>Catonem</span> <span class='ocrx_word' id='word_1_120' title='bbox 2500 2922 2568 2991; x_wconf 75' lang='grc' dir='ltr'>δι</span> <span class='ocrx_word' id='word_1_121' title='bbox 2626 2922 2717 2993; x_wconf 90' lang='lat' dir='ltr'>L.</span> 
     </span>
     <span class='ocr_line' id='line_1_20' title="bbox 760 3032 2719 3133; baseline 0.003 -26"><span class='ocrx_word' id='word_1_122' title='bbox 760 3032 1123 3109; x_wconf 84' lang='lat' dir='ltr'>Valerium</span> <span class='ocrx_word' id='word_1_123' title='bbox 1159 3035 1525 3121; x_wconf 86' lang='lat' dir='ltr'>Flaccum,</span> <span class='ocrx_word' id='word_1_124' title='bbox 1578 3034 1968 3110; x_wconf 87' lang='lat' dir='ltr'>consulares</span> <span class='ocrx_word' id='word_1_125' title='bbox 2000 3036 2291 3133; x_wconf 76' lang='lat' dir='ltr'>legat05‚</span> <span class='ocrx_word' id='word_1_126' title='bbox 2329 3064 2499 3111; x_wconf 92' lang='lat' dir='ltr'>cum</span> <span class='ocrx_word' id='word_1_127' title='bbox 2532 3038 2719 3113; x_wconf 86' lang='lat' dir='ltr'>binis</span> 
     </span>
     <span class='ocr_line' id='line_1_21' title="bbox 755 3153 2718 3253; baseline 0.001 -24"><span class='ocrx_word' id='word_1_128' title='bbox 755 3153 1074 3229; x_wconf 87' lang='lat' dir='ltr'>millibus</span> <span class='ocrx_word' id='word_1_129' title='bbox 1106 3156 1544 3230; x_wconf 62' lang='lat' dir='ltr'>deleaorum</span> <span class='ocrx_word' id='word_1_130' title='bbox 1578 3154 1931 3253; x_wconf 89' lang='lat' dir='ltr'>peditum,</span> <span class='ocrx_word' id='word_1_131' title='bbox 1984 3158 2075 3231; x_wconf 88' lang='lat' dir='ltr'>ad</span> <span class='ocrx_word' id='word_1_132' title='bbox 2122 3158 2394 3231; x_wconf 88' lang='lat' dir='ltr'>castella</span> <span class='ocrx_word' id='word_1_133' title='bbox 2426 3159 2718 3231; x_wconf 88' lang='lat' dir='ltr'>Aetolo-</span> 
     </span>
     <span class='ocr_line' id='line_1_22' title="bbox 755 3274 2718 3366; baseline -0.001 -12"><span class='ocrx_word' id='word_1_134' title='bbox 755 3304 945 3366; x_wconf 89' lang='lat' dir='ltr'>rum,</span> <span class='ocrx_word' id='word_1_135' title='bbox 996 3278 1338 3351; x_wconf 88' lang='lat' dir='ltr'>Flaccum</span> <span class='ocrx_word' id='word_1_136' title='bbox 1372 3274 1450 3347; x_wconf 91' lang='lat' dir='ltr'>in</span> <span class='ocrx_word' id='word_1_137' title='bbox 1484 3274 1985 3350; x_wconf 88' lang='lat' dir='ltr'>Rhoduntiam</span> <span class='ocrx_word' id='word_1_138' title='bbox 2022 3281 2089 3350; x_wconf 77' lang='grc' dir='ltr'>δι</span> <span class='ocrx_word' id='word_1_139' title='bbox 2124 3275 2546 3364; x_wconf 87' lang='lat' dir='ltr'>Tichiunta,</span> <span class='ocrx_word' id='word_1_140' title='bbox 2582 3280 2718 3353; x_wconf 81' lang='lat' dir='ltr'>Ca·</span> 
     </span>
     <span class='ocr_line' id='line_1_23' title="bbox 757 3392 2719 3495; baseline -0.001 -21"><span class='ocrx_word' id='word_1_141' title='bbox 757 3419 1001 3474; x_wconf 90' lang='lat' dir='ltr'>tonem</span> <span class='ocrx_word' id='word_1_142' title='bbox 1053 3394 1130 3469; x_wconf 88' lang='lat' dir='ltr'>in</span> <span class='ocrx_word' id='word_1_143' title='bbox 1175 3392 1695 3469; x_wconf 87' lang='lat' dir='ltr'>Callidromum</span> <span class='ocrx_word' id='word_1_144' title='bbox 1732 3394 1970 3469; x_wconf 90' lang='lat' dir='ltr'>mittit.</span> <span class='ocrx_word' id='word_1_145' title='bbox 2073 3396 2249 3495; x_wconf 90' lang='lat' dir='ltr'>Ipse,</span> <span class='ocrx_word' id='word_1_146' title='bbox 2302 3397 2719 3495; x_wconf 88' lang='lat' dir='ltr'>priusquam</span> 
     </span>
     <span class='ocr_line' id='line_1_24' title="bbox 753 3513 2715 3612; baseline -0.002 -18"><span class='ocrx_word' id='word_1_147' title='bbox 753 3521 846 3595; x_wconf 91' lang='lat' dir='ltr'>ad</span> <span class='ocrx_word' id='word_1_148' title='bbox 899 3517 1170 3592; x_wconf 89' lang='lat' dir='ltr'>hostem</span> <span class='ocrx_word' id='word_1_149' title='bbox 1214 3513 1450 3612; x_wconf 86' lang='lat' dir='ltr'>copias</span> <span class='ocrx_word' id='word_1_150' title='bbox 1483 3516 1915 3602; x_wconf 86' lang='lat' dir='ltr'>admoveret,</span> <span class='ocrx_word' id='word_1_151' title='bbox 1966 3537 2251 3591; x_wconf 85' lang='lat' dir='ltr'>vocatos</span> <span class='ocrx_word' id='word_1_152' title='bbox 2305 3517 2383 3591; x_wconf 91' lang='lat' dir='ltr'>in</span> <span class='ocrx_word' id='word_1_153' title='bbox 2418 3518 2715 3593; x_wconf 85' lang='lat' dir='ltr'>concio-</span> 
     </span>
     <span class='ocr_line' id='line_1_25' title="bbox 755 3633 2715 3735; baseline -0.001 -22"><span class='ocrx_word' id='word_1_154' title='bbox 755 3664 922 3714; x_wconf 88' lang='lat' dir='ltr'>nem</span> <span class='ocrx_word' id='word_1_155' title='bbox 967 3636 1227 3711; x_wconf 88' lang='lat' dir='ltr'>milites</span> <span class='ocrx_word' id='word_1_156' title='bbox 1281 3633 1521 3731; x_wconf 89' lang='lat' dir='ltr'>paucis</span> <span class='ocrx_word' id='word_1_157' title='bbox 1586 3634 1687 3709; x_wconf 90' lang='lat' dir='ltr'>est</span> <span class='ocrx_word' id='word_1_158' title='bbox 1750 3636 2165 3710; x_wconf 86' lang='lat' dir='ltr'>adlocutus:</span> <span class='ocrx_word' id='word_1_159' title='bbox 2240 3646 2291 3680; x_wconf 89' lang='lat'><strong>“</strong></span> <span class='ocrx_word' id='word_1_160' title='bbox 2342 3637 2715 3735; x_wconf 89' lang='lat' dir='ltr'>Plerosque</span> 
     </span>
     <span class='ocr_line' id='line_1_26' title="bbox 757 3752 2714 3846; baseline 0 -15"><span class='ocrx_word' id='word_1_161' title='bbox 757 3770 809 3803; x_wconf 88' lang='lat'><strong>“</strong></span> <span class='ocrx_word' id='word_1_162' title='bbox 838 3755 1166 3832; x_wconf 87' lang='lat' dir='ltr'>omnium</span> <span class='ocrx_word' id='word_1_163' title='bbox 1193 3752 1559 3842; x_wconf 86' lang='lat' dir='ltr'>ordinum,</span> <span class='ocrx_word' id='word_1_164' title='bbox 1614 3753 1897 3842; x_wconf 89' lang='lat' dir='ltr'>milites,</span> <span class='ocrx_word' id='word_1_165' title='bbox 1950 3754 2131 3829; x_wconf 91' lang='lat' dir='ltr'>inter</span> <span class='ocrx_word' id='word_1_166' title='bbox 2157 3783 2281 3831; x_wconf 85' lang='lat' dir='ltr'>vos</span> <span class='ocrx_word' id='word_1_167' title='bbox 2310 3760 2441 3832; x_wconf 79' lang='lat' dir='ltr'>efl&#39;e</span> <span class='ocrx_word' id='word_1_168' title='bbox 2473 3756 2714 3846; x_wconf 86' lang='lat' dir='ltr'>video,</span> 
     </span>
     <span class='ocr_line' id='line_1_27' title="bbox 756 3872 2715 3976; baseline 0.001 -26"><span class='ocrx_word' id='word_1_169' title='bbox 756 3888 808 3922; x_wconf 88' lang='lat'><strong>“</strong></span> <span class='ocrx_word' id='word_1_170' title='bbox 846 3876 974 3976; x_wconf 92' lang='lat' dir='ltr'>qui</span> <span class='ocrx_word' id='word_1_171' title='bbox 1009 3875 1082 3950; x_wconf 90' lang='lat' dir='ltr'>in</span> <span class='ocrx_word' id='word_1_172' title='bbox 1117 3878 1249 3949; x_wconf 79' lang='lat' dir='ltr'>hac</span> <span class='ocrx_word' id='word_1_173' title='bbox 1289 3874 1538 3948; x_wconf 89' lang='lat' dir='ltr'>eadem</span> <span class='ocrx_word' id='word_1_174' title='bbox 1572 3872 1939 3971; x_wconf 88' lang='lat' dir='ltr'>provincia</span> <span class='ocrx_word' id='word_1_175' title='bbox 1969 3878 2063 3949; x_wconf 92' lang='lat' dir='ltr'>T.</span> <span class='ocrx_word' id='word_1_176' title='bbox 2100 3876 2439 3972; x_wconf 68' lang='lat' dir='ltr'>.Qin&amp;ii</span> <span class='ocrx_word' id='word_1_177' title='bbox 2486 3880 2715 3952; x_wconf 69' lang='lat' dir='ltr'>ductu</span> 
     </span>
     <span class='ocr_line' id='line_1_28' title="bbox 755 3992 2716 4093; baseline 0 -22"><span class='ocrx_word' id='word_1_178' title='bbox 755 4008 807 4043; x_wconf 81' lang='lat'>‘⁸</span> <span class='ocrx_word' id='word_1_179' title='bbox 844 3994 1304 4093; x_wconf 88' lang='lat' dir='ltr'>auspicioque</span> <span class='ocrx_word' id='word_1_180' title='bbox 1369 3992 1854 4068; x_wconf 81' lang='lat' dir='ltr'>militaveritis.</span> <span class='ocrx_word' id='word_1_181' title='bbox 1982 3995 2465 4071; x_wconf 84' lang='lat' dir='ltr'>Macedonico</span> <span class='ocrx_word' id='word_1_182' title='bbox 2526 4000 2716 4071; x_wconf 87' lang='lat' dir='ltr'>bello</span> 
     </span>
     <span class='ocr_line' id='line_1_29' title="bbox 757 4112 2713 4216; baseline 0.001 -23"><span class='ocrx_word' id='word_1_183' title='bbox 757 4112 1414 4216; x_wconf 85' lang='lat' dir='ltr'>“inexsuperabilis</span> <span class='ocrx_word' id='word_1_184' title='bbox 1463 4112 1691 4213; x_wconf 86' lang='lat' dir='ltr'>magis</span> <span class='ocrx_word' id='word_1_185' title='bbox 1738 4112 1945 4191; x_wconf 88' lang='lat' dir='ltr'>saltus</span> <span class='ocrx_word' id='word_1_186' title='bbox 1984 4115 2076 4191; x_wconf 91' lang='lat' dir='ltr'>ad</span> <span class='ocrx_word' id='word_1_187' title='bbox 2132 4142 2417 4191; x_wconf 90' lang='lat' dir='ltr'>amnem</span> <span class='ocrx_word' id='word_1_188' title='bbox 2462 4122 2713 4194; x_wconf 90' lang='lat' dir='ltr'>Aoum</span> 
     </span>
    </p>
   </div>
  </div>
 </body>
</html>
