3100 5359
987 730 1451 807 Ltnzn
1555 729 1726 819 XL.
2202 734 2346 837 385

366 898 634 981 deditis
682 900 935 1003 pacisci
990 902 1057 977 se
1101 927 1379 1003 pacem,
1434 929 1576 978 non
1610 924 1753 978 tam
1799 901 1876 977 id
1907 898 2341 994 recusabant,

365 1052 591 1126 quarn
636 1046 951 1123 tempore
978 1050 1161 1122 opus
1192 1027 1327 1099 effe
1358 1024 1659 1121 aiebant,
1710 1044 1794 1099 ut
1825 1023 2065 1123 generi
2093 1024 2345 1125 agresti

363 1144 751 1221 hominum
792 1144 1342 1243 persuaderetur.
1440 1146 1567 1221 Ad
1601 1145 1739 1220 hoc
1771 1145 2024 1221 decem
2057 1145 2342 1223 dierum

364 1263 703 1342 induciae
748 1291 981 1365 quum
1026 1266 1384 1354 darentur,
1434 1264 1792 1363 petierunt
1817 1265 2109 1356 deinde,
2162 1278 2214 1311 “
2251 1292 2344 1343 ne

366 1396 426 1431 “
460 1405 647 1461 trans
698 1404 977 1461 montes
1009 1385 1371 1485 proximos
1399 1386 1634 1461 castris
1666 1389 2080 1484 pabulatum
2117 1387 2344 1489 ligna-

368 1516 425 1551 “
462 1528 766 1605 tumque
808 1506 1070 1581 milites
1102 1504 1307 1581 irent.
1407 1507 1622 1581 Culta
1638 1534 1720 1581 ea
1751 1509 1906 1582 loca
1938 1507 2224 1584 suorum
2259 1512 2344 1583 fi·

370 1636 425 1671 “
460 1626 669 1703 nium
702 1626 908 1701 effe.”
1005 1628 1093 1702 Id
1116 1627 1247 1703 ubi
1284 1627 1770 1725 impetravere,
1822 1628 1979 1726 post
2011 1654 2132 1703 eos
2163 1628 2344 1729 ipsos

368 1767 674 1835 montes,
725 1748 922 1823 unde
966 1768 1354 1823 averterant
1410 1748 1709 1835 hostem,
1761 1747 2072 1822 exercitu
2141 1748 2342 1823 omni

368 1869 644 1956 coacte,
695 1888 979 1967 repente
1015 1867 1479 1943 multitudine
1513 1866 1786 1966 ingenti
1821 1868 2038 1942 castra
2071 1870 2344 1943 Roma·

364 2012 629 2062 norum
678 1991 1089 2089 obpugnare
1142 1990 1345 2063 fimul
1398 1987 1736 2065 omnibus
1788 1988 2008 2087 portis
2049 1989 2342 2088 adgreffi

366 2104 553 2184 sunt.
598 2124 611 2139 ·
650 2111 947 2184 Summa
970 2108 1042 2183 vi
1077 2129 1313 2183 totum
1340 2107 1537 2181 diem
1569 2110 2102 2206 obpugnarunt,
2132 2106 2232 2183 ita
2261 2128 2346 2185 ut

362 2254 459 2303 ne
502 2229 838 2325 efferendi
872 2228 1175 2328 quidem
1219 2231 1410 2327 figna
1446 2226 1796 2302 Romanis
1827 2226 2157 2326 spatium,
2213 2254 2344 2305 nec

360 2349 461 2423 ad
516 2348 1015 2451 explicandam
1070 2348 1298 2424 aciem
1348 2349 1550 2423 locus
1594 2350 1781 2424 effet.
1891 2348 2214 2424 Conferti
2263 2348 2342 2425 in

360 2467 615 2569 portiS,
672 2470 1021 2545 obstando
1073 2467 1326 2568 magiS‚
1378 2494 1598 2568 quam
1658 2471 2077 2569 pugnandO,
2128 2470 2348 2545 castra

362 2592 798 2666 tutabantur.
896 2592 1047 2665 Sub
1080 2588 1407 2664 occasum
1453 2587 1612 2663 solis
1660 2614 1891 2687 quum
1937 2594 2346 2667 receffiffent

364 2710 625 2799 hostes,
658 2712 843 2786 duos
876 2708 1150 2808 equites
1182 2709 1275 2783 ad
1310 2712 1444 2784 Cn.
1476 2708 1820 2784 Baebium
1851 2710 2346 2809 proconsulem

365 2856 545 2909 cum
596 2829 811 2906 literis
864 2828 1075 2905 Pisas·
1105 2828 1351 2917 mittit,
1402 2850 1485 2903 ut
1517 2828 1784 2904 obseffo
1815 2831 1939 2905 fibi
1974 2857 2098 2930 per
2129 2831 2346 2905 indu-

362 2952 509 3028 cias
533 2948 1069 3051 quamprimum
1099 2948 1409 3024 subfidio
1426 2948 1717 3024 veniret.
1816 2950 2119 3026 Baebius
2145 2978 2344 3027 exer-

365 3070 599 3149 citum
666 3074 783 3146 M.
813 3069 1098 3145 Pinario
1146 3068 1477 3168 praetori,
1527 3071 1726 3145 eunti
1779 3068 1853 3143 in
1919 3070 2368 3164 Sardiniam,-

364 3191 769 3270 tradiderat.
862 3192 1207 3265 Ceterum
1242 3194 1313 3265 &
1343 3189 1686 3265 senatum·
1708 3188 1926 3265 literis
1971 3190 2346 3270 certiorem

362 3310 563 3401 fecit,
614 3310 915 3387 obsideri
966 3338 1007 3385 a
1062 3309 1461 3410 Liguribus
1500 3314 1596 3385 L.
1631 3309 2058 3400 Aemilium,
2109 3314 2186 3384 &
2223 3314 2344 3391 Μ.

363 3430 678 3510 Claudio
722 3432 1097 3520 Marcelle,
1148 3432 1349 3528 cujus
1396 3430 1724 3532 proxima
1769 3430 1936 3505 inde
1978 3432 2346 3531 provincia

364 3574 543 3643 erat,
591 3551 873 3651 scripfit,
936 3574 1043 3641 ut,
1114 3555 1162 3626 fi
1227 3551 1586 3627 videretur
1634 3552 1726 3639 ei,
1796 3554 2193 3629 exercitum
2253 3580 2344 3631 ex

366 3672 608 3751 Gallia
662 3674 1062 3749 traduceret
1122 3673 1199 3748 in
1263 3672 1597 3773 LigureS,
1669 3675 1744 3747 &
1811 3677 1904 3749 L.
1943 3674 2343 3751 Aemilium

364 3795 693 3871 liberaret
766 3794 1154 3870 obfidione.
1286 3796 1495 3869 Haec
1575 3793 1716 3869 sera
1781 3792 2022 3869 futura
2077 3794 2343 3871 auxilia

364 3936 585 3994 erant.
704 3914 1015 4017 Ligures
1070 3917 1348 4016 postero
1401 3916 1521 3990 die
1587 3916 1680 3990 ad
1744 3916 1960 3991 castra
2019 3916 2341 3991 redeunt.

366 4036 759 4125 Aemilius,
811 4063 1047 4138 quum
1096 4038 1171 4110 &
1229 4057 1562 4111 venturos
1616 4036 1863 4125 scisset,
1915 4040 1983 4111 &
2039 4036 2343 4111 educere

367 4156 449 4237 in
499 4157 731 4237 aciem
782 4157 1144 4257 potuisset,
1196 4157 1377 4232 intra
1420 4160 1689 4233 vallum
1735 4156 1894 4232 suos
1953 4155 2210 4245 tenuit,
2261 4176 2345 4231 ut

616 4306 619 4311 ·
1293 4279 1355 4352 C
1378 4304 1417 4359 c
