3100 5359
880 739 953 811 L
996 762 1023 810 1
1074 762 1115 810 B
1164 761 1207 809 E
1254 761 1300 809 R
1404 737 1760 811 XXXVI.
2202 761 2300 834 29

340 924 389 958 ‘⁸
426 912 591 1000 fuit,
646 939 865 1012 quarn
920 912 1062 988 hic.
1162 912 1457 1014 Qippe
1508 933 1748 1012 portae
1797 912 1958 986 sunt
2009 914 2166 1000 hae,
2230 917 2300 988 ὅτ

341 1044 391 1078 “
440 1061 660 1121 unus,
715 1033 895 1107 inter
947 1035 1095 1106 duo
1144 1034 1362 1106 maria
1408 1036 1647 1107 claufis
1694 1033 2057 1121 omnibus,
2109 1037 2306 1109 velut

342 1165 391 1198 ‘⁸
428 1154 762 1228 naturalis
798 1156 1115 1227 transitus
1148 1154 1269 1226 est.
1371 1151 1822 1226 Munitiones
1857 1158 1924 1227 ὅτ
1971 1155 2144 1230 locis
2174 1181 2300 1254 op-

344 1285 394 1318 “
430 1274 967 1373 portunioribus
992 1295 1167 1347 tunc
1198 1273 1506 1361 fuerunt,
1554 1278 1620 1348 &
1656 1274 2026 1349 validiores
2053 1273 2304 1372 inpoli-

345 1404 397 1438 “
432 1417 576 1467 tae:
632 1392 981 1469 exercitus
1007 1393 1320 1468 hostium
1356 1393 1471 1467 ille
1506 1398 1574 1468 ὅτ
1604 1411 1904 1468 numero
1937 1395 2179 1491 major,
2236 1399 2306 1470 ὅτ

347 1524 397 1558 “
432 1514 751 1588 militum
786 1539 1041 1613 genere
1075 1513 1439 1611 aliquanto
1472 1512 1746 1588 melior.
1831 1513 2124 1616 Qippe
2155 1514 2302 1590 illic

349 1645 399 1677 “
438 1635 879 1708 Macedones
906 1632 1357 1731 Thracesque
1387 1637 1455 1707 ὅτ
1484 1633 1699 1732 Illyrii
1729 1656 1947 1723 erant,
1983 1634 2305 1710 ferociffi-

347 1763 397 1796 “
432 1781 591 1828 mae
636 1781 883 1827 omnes
918 1774 1199 1852 gentes:
1252 1753 1370 1828 hic
1414 1754 1566 1851 Syri
1612 1759 1680 1827 ὅτ
1729 1753 2014 1829 Afiatici
2051 1759 2307 1831 Graeci

348 1883 399 1916 “
435 1871 625 1960 sunt,
678 1873 1009 1947 leviflima
1044 1899 1297 1972 genera
1328 1873 1710 1947 hominum
1745 1879 1812 1948 ὅτ
1840 1872 2152 1950 servituti
2186 1903 2306 1950 na-

350 2001 401 2034 “
438 2014 531 2065 ta.
596 1995 763 2065 Rex
792 1991 907 2066 ille
938 1994 1504 2080 bellicofiffimus,
1536 1993 1953 2068 exercitatus
1967 1995 2118 2092 jam
2139 1996 2307 2071 inde

350 2123 399 2156 “
436 2115 529 2186 ab
549 2113 849 2207 juventa
882 2111 1203 2188 finitimis
1230 2116 1596 2188 Thracum
1631 2135 1842 2212 atque
1877 2115 2307 2212 Illyriorum,

352 2243 402 2275 “
440 2237 507 2305 ὅτ
538 2230 728 2305 circa
759 2231 1087 2306 omniurn
1123 2234 1531 2308 adcolarum
1570 2235 1808 2308 bellis:
1863 2235 2007 2322 hic,
2059 2257 2142 2310 ut
2185 2236 2308 2310 ali-

354 2361 401 2394 “
438 2377 555 2424 am
590 2377 881 2426 omnem
926 2352 1146 2428 vitam
1192 2354 1544 2444 omittam,
1601 2353 1657 2428 is
1691 2355 1814 2443 est,
1867 2355 2024 2452 qui,
2077 2381 2308 2455 quum

354 2480 403 2514 “
438 2472 532 2544 ad
566 2471 1017 2548 inferendum
1051 2477 1321 2572 populo
1356 2479 1692 2549 Romano
1727 2476 1996 2551 bellum
2031 2502 2121 2549 ex
2147 2481 2312 2552 Afia

354 2600 405 2644 ⁴‘
441 2590 519 2663 in
570 2594 936 2692 Europam
981 2595 1336 2682 tranfiffet,
1390 2594 1567 2669 nihil
1604 2594 2130 2671 memorabilius
2159 2619 2310 2672 toto

357 2722 405 2755 “
442 2733 761 2810 tempore
790 2714 1247 2789 hibernorum
1282 2714 1578 2814 gefferit,
1631 2742 1846 2814 quam
1882 2718 2083 2814 quod
2116 2743 2311 2791 amo-

358 2841 407 2875 “
443 2831 537 2906 ris
563 2835 791 2908 cauffa
817 2860 907 2907 ex
938 2835 1161 2908 domo
1194 2833 1497 2933 privata,
1549 2839 1614 2908 ὅτ
1653 2833 1930 2910 obscuri
1958 2837 2170 2911 etiam
2204 2837 2310 2912 in-

356 2963 405 2997 “
442 2974 546 3027 ter
587 2954 959 3052 populares
991 2954 1290 3053 generiS,
1342 2981 1641 3028 uxorem
1681 2956 1933 3030 duxit:
1988 2961 2056 3030 ὅτ
2087 2983 2312 3033 novus

358 3083 409 3118 “
444 3073 765 3162 marituS,
816 3075 1011 3148 velut
1054 3072 1402 3173 saginatus
1436 3073 1872 3172 nuptialibus
1907 3075 2169 3165 coeniS,
2223 3081 2313 3153 ad

359 3203 409 3237 “
444 3219 763 3293 pugnam
799 3197 1136 3292 proceffit.
1235 3197 1529 3268 Summa
1558 3192 1820 3268 virium
1849 3193 2134 3294 speique
2167 3199 2315 3294 ejus

359 3323 409 3356 “
444 3313 520 3386 in
556 3313 833 3388 Aetolis
866 3312 1046 3402 fuit3
1098 3336 1306 3413 gente
1346 3313 1704 3388 vanisfima
1729 3317 1804 3388 ὅτ
1840 3316 2311 3414 ingratiffima,

364 3444 411 3478 “
446 3454 529 3507 ut
558 3459 687 3509 vos
732 3433 925 3532 prius
958 3435 1227 3534 experti
1274 3435 1459 3522 estiS,
1512 3461 1705 3510 nunc
1743 3435 2146 3512 Antiochus
2193 3465 2312 3513 ex-

364 3564 411 3596 “
444 3553 735 3652 peritur.
836 3558 1029 3628 Nam
1066 3582 1195 3629 nec
1222 3577 1705 3630 convenerunt
1729 3553 2153 3652 frequenteS,
2184 3585 2314 3634 nec

362 3683 411 3716 ‘⁸
446 3673 793 3750 contineri
848 3674 923 3748 in
978 3674 1209 3749 castris
1257 3696 1665 3773 potuerunt,
1729 3679 1795 3750 &
1850 3675 1925 3750 in
1974 3676 2314 3755 seditione

365 3793 579 3892 “ipsi
613 3794 793 3868 inter
826 3793 891 3867 se
927 3793 1125 3868 sunt:
1181 3798 1248 3868 ὅτ
1284 3819 1513 3892 quum
1562 3796 1929 3894 Hypatam
1975 3802 2315 3874 tuendam

366 3922 415 3956 “
468 3915 1037 4012 Heracleamque
1087 3911 1670 4012 depoposcissent,
1723 3939 2040 3993 neutram
2082 3920 2314 4008 tutati,

368 4043 416 4077 “
452 4031 863 4132 refugerunt
887 4033 962 4108 in
985 4035 1161 4133 juga
1188 4033 1572 4122 montium,
1608 4062 1760 4133 pars
1786 4039 2172 4114 Heracleae
2208 4041 2314 4115 in·

374 4161 421 4196 “
456 4150 810 4230 cluserunt
862 4153 1020 4231 sese.
1119 4155 1287 4230 Rex
1336 4153 1481 4253 ipse
1536 4155 1908 4248 confeffus,
1967 4159 2315 4257 nusquam
