3100 5359
841 724 931 804 14
1495 712 2128 787 T.L1v11

834 893 885 927 “
921 882 1039 959 seo
1097 906 1344 957 omnes
1409 884 1687 959 navales
1752 882 2233 982 terrestresque
2294 882 2559 983 copias·
2678 886 2799 961 Se-

830 1014 882 1049 “
918 1023 1230 1103 quantur
1275 1006 1554 1078 claffem
1608 1004 1958 1079 onerariae
2020 1030 2191 1081 cum
2251 1005 2799 1081 commeatibus.

828 1135 883 1172 “
917 1126 1112 1199 Nam
1145 1122 1264 1199 hic
1291 1126 1462 1199 ficut
1487 1125 1581 1199 ad
1614 1124 1783 1200 belli
1819 1150 2115 1199 munera
2139 1122 2349 1225 pauci
2385 1123 2657 1213 sumus,
2706 1128 2799 1201 fic

830 1254 884 1289 ‘⁸
921 1242 1134 1317 nimis
1179 1244 1390 1319 multi
1435 1270 1565 1343 pro
1598 1244 1841 1342 inopia
1872 1265 2435 1321 commeatuum.
2533 1250 2796 1347 Qum

829 1374 883 1409 “
917 1389 1166 1439 omnes
1217 1384 1372 1439 tuas
1426 1363 1853 1441 contraxeris
1902 1365 2108 1453 vires,
2162 1365 2459 1441 divisam
2514 1368 2801 1443 claffem

829 1494 882 1528 “
919 1482 1175 1584 partim
1201 1486 1550 1585 Corcyrae
1573 1485 1649 1560 in
1685 1484 1977 1560 statione
1998 1487 2319 1575 habebis,
2364 1512 2453 1559 ne
2480 1488 2801 1561 transitus

829 1615 882 1650 “
917 1604 1268 1681 Romanis
1301 1604 1480 1681 liber
1509 1632 1596 1681 ac·
1628 1625 1824 1681 tutus
1856 1626 2129 1705 pateat:
2182 1605 2438 1706 partim
2484 1606 2577 1680 ad
2628 1605 2799 1680 litus

826 1734 878 1771 “
914 1724 1179 1814 Italiae,
1249 1728 1454 1825 quod
1511 1725 1907 1801 Sardiniam
1970 1725 2439 1825 Africamque
2506 1726 2797 1825 spectat,

826 1856 880 1891 “
913 1846 1254 1943 trajicies:
1307 1846 1452 1946 ipse
1487 1872 1659 1923 cum
1704 1844 2044 1923 omnibus
2088 1845 2521 1922 terrestribus
2565 1845 2797 1944 copiis

823 1966 984 2043 “in
1043 1966 1406 2067 Byllinum
1447 1980 1709 2068 'agrum
1762 1968 2123 2064 procedes.
2223 1968 2404 2043 Inde
2456 1966 2797 2042 Graeciae

819 2098 871 2135 ‘⁸
907 2086 1350 2188 praefidebis,
1425 2088 1504 2162 &
1566 2087 1871 2187 speciem
1932 2086 2284 2163 Romanis
2338 2086 2793 2184 trajectarum

823 2220 876 2254 “
911 2228 982 2284 te
1015 2212 1380 2309 praebenS,
1459 2212 1557 2297 ὅτ,
1622 2212 1667 2282 fi
1714 2234 1817 2283 res
1865 2206 2292 2306 poposcerit,
2352 2208 2790 2304 trajectums.

823 2340 874 2375 ‘⁸
909 2332 1122 2405 Haec
1174 2327 1460 2417 suadeo,
1523 2327 1681 2427 qui,
1730 2350 1814 2403 ut
1862 2354 2010 2403 non
2060 2326 2297 2403 omnis
2342 2328 2792 2429 peritiss'imus

823 2456 876 2494 “
911 2452 1036 2525 sun
1069 2449 1267 2538 belli,
1319 2474 1490 2524 cum
1522 2447 1875 2524 Romanis
1908 2468 2093 2523 certe
2127 2450 2384 2525 bellare
2416 2448 2623 2525 bonis
2643 2474 2795 2524 ma-

820 2568 1127 2669 “lisque
1161 2569 1338 2645 meis
1371 2566 1624 2644 didici.
1724 2570 1809 2641 In
1835 2593 2021 2666 quae
2054 2565 2429 2643 confilium
2462 2569 2662 2658 dedi,
2714 2568 2794 2645 in

819 2699 871 2734 ‘⁴
907 2690 1158 2765 eadem
1195 2716 1327 2765 nec
1353 2688 1746 2776 infidelem,
1798 2712 1931 2762 nee
1964 2687 2245 2786 segnem
2274 2714 2561 2788 operam
2584 2689 2791 2790 polli-

819 2821 872 2857 “
907 2836 1094 2887 ceor.
1179 2807 1312 2885 Dii
1335 2810 1731 2908 adprobent
1764 2832 1920 2882 earn
1946 2805 2386 2898 sententiam,
2433 2836 2620 2909 quae
2648 2810 2786 2889 tibi

815 2941 868 2975 “
901 2930 1178 3030 optima
1205 2928 1350 3005 visa
1379 2926 1663 3004 fuerit.”

911 3054 1112 3128 VIII.
1234 3052 1447 3125 Haec
1525 3046 1748 3125 ferme
1824 3047 2256 3124 Hannibalis
2316 3049 2541 3125 oratio
2598 3050 2787 3142 fuit3

812 3196 1032 3272 quam
1076 3172 1454 3247 laudarunt
1479 3169 1705 3269 magis
1738 3168 1814 3243 in
1844 3168 2253 3267 praesentia,
2303 3170 2437 3268 qui
2468 3172 2785 3263 aderant,

811 3318 1032 3391 quam
1057 3294 1268 3382 rebus
1287 3290 1443 3390 ipsis
1473 3288 1785 3365 exsecuti
1814 3288 1997 3363 sunt.
2082 3287 2290 3363 Nihil
2310 3290 2505 3365 enim
2534 3316 2787 3369 eorum

810 3411 912 3487 est
953 3412 1248 3501 factum,
1300 3410 1426 3485 nifi
1470 3410 1671 3510 quod
1717 3410 1811 3485 ad
1846 3410 2123 3485 classem
2153 3409 2533 3510 copiasque
2566 3412 2786 3489 arces-

809 3532 1053 3611 sendas
1085 3558 1176 3607 ex
1224 3534 1386 3605 Asia
1413 3528 1931 3629 Polyxenidam
1956 3528 2160 3605 mifit.
2258 3530 2516 3630 Legati
2552 3532 2783 3607 Laris-

809 3652 954 3729 sam
1021 3654 1116 3727 ad
1171 3648 1565 3727 concilium
1630 3652 2124 3725 Thessalorum
2198 3649 2359 3725 sunt
2432 3652 2663 3742 miffi,
2711 3656 2783 3730 ὅτ

811 3772 1089 3849 Aetolis
1149 3772 1769 3871 Amynandroque
1832 3770 1984 3845 dies
2042 3770 2133 3844 ad
2201 3770 2781 3849 conveniendum

807 3890 1150 3969 exercitui
1186 3893 1443 3966 Pheras
1477 3889 1579 3963 est
1621 3888 1879 3964 dic’tus.
1980 3890 2265 3965 Eodem
2317 3895 2386 3966 ὅτ
2436 3918 2559 3967 rex
2606 3920 2781 3969 cum

809 4012 952 4091 suis
1003 4010 1230 4111 copiis
1275 4008 1650 4087 confestim
1694 4010 1915 4085 venit.
2014 4009 2126 4085 Ibi
2182 4011 2363 4086 dum
2415 4012 2783 4111 opperitur

809 4133 1364 4234 Amynandrum
1389 4150 1607 4231 atque
1629 4131 1955 4220 Aetolos,
2003 4130 2426 4233 Philippum
2448 4136 2777 4235 Megalo-
