<?xml version="1.0" encoding="UTF-8"?>
<!DOCTYPE html PUBLIC "-//W3C//DTD XHTML 1.0 Transitional//EN"
    "http://www.w3.org/TR/xhtml1/DTD/xhtml1-transitional.dtd">
<html xmlns="http://www.w3.org/1999/xhtml" xml:lang="en" lang="en">
 <head>
  <title>
</title>
<meta http-equiv="Content-Type" content="text/html;charset=utf-8" />
  <meta name='ocr-system' content='tesseract 3.04.00' />
  <meta name='ocr-capabilities' content='ocr_page ocr_carea ocr_par ocr_line ocrx_word'/>
</head>
<body>
  <div class='ocr_page' id='page_1' title='image "./tliviipatavinih01homegoog_0235.png"; bbox 0 0 3100 5359; ppageno 0'>
   <div class='ocr_carea' id='block_1_1' title="bbox 808 750 2285 857">
    <p class='ocr_par' dir='ltr' id='par_1_1' title="bbox 808 750 2285 857">
     <span class='ocr_line' id='line_1_1' title="bbox 808 750 2285 857; baseline 0.005 -34"><span class='ocrx_word' id='word_1_1' title='bbox 808 750 882 824; x_wconf 97' lang='lat' dir='ltr'>L</span> <span class='ocrx_word' id='word_1_2' title='bbox 932 775 961 823; x_wconf 91' lang='lat'>1</span> <span class='ocrx_word' id='word_1_3' title='bbox 1022 775 1062 824; x_wconf 83' lang='lat' dir='ltr'>B</span> <span class='ocrx_word' id='word_1_4' title='bbox 1121 776 1166 824; x_wconf 74' lang='grc' dir='ltr'>Ε</span> <span class='ocrx_word' id='word_1_5' title='bbox 1223 776 1271 824; x_wconf 77' lang='lat' dir='ltr'>n</span> <span class='ocrx_word' id='word_1_6' title='bbox 1371 752 1802 829; x_wconf 90' lang='lat' dir='ltr'>XXXVIII.</span> <span class='ocrx_word' id='word_1_7' title='bbox 2147 780 2285 857; x_wconf 83' lang='lat'>227</span> 
     </span>
    </p>
   </div>
   <div class='ocr_carea' id='block_1_2' title="bbox 313 918 2287 2584">
    <p class='ocr_par' dir='ltr' id='par_1_2' title="bbox 313 918 2287 2584">
     <span class='ocr_line' id='line_1_2' title="bbox 413 918 2280 1026; baseline 0.003 -30"><span class='ocrx_word' id='word_1_8' title='bbox 413 918 617 997; x_wconf 87' lang='lat' dir='ltr'>XLI.</span> <span class='ocrx_word' id='word_1_9' title='bbox 719 923 1218 998; x_wconf 88' lang='lat' dir='ltr'>Romanorum</span> <span class='ocrx_word' id='word_1_10' title='bbox 1275 925 1591 1024; x_wconf 87' lang='lat' dir='ltr'>primum</span> <span class='ocrx_word' id='word_1_11' title='bbox 1638 953 1897 1026; x_wconf 85' lang='lat' dir='ltr'>agmen</span> <span class='ocrx_word' id='word_1_12' title='bbox 1928 945 2125 1002; x_wconf 75' lang='lat' dir='ltr'>extra</span> <span class='ocrx_word' id='word_1_13' title='bbox 2155 928 2280 1002; x_wconf 85' lang='lat' dir='ltr'>sal-</span> 
     </span>
     <span class='ocr_line' id='line_1_3' title="bbox 321 1027 2280 1145; baseline 0.002 -27"><span class='ocrx_word' id='word_1_14' title='bbox 321 1063 472 1118; x_wconf 88' lang='lat' dir='ltr'>tum</span> <span class='ocrx_word' id='word_1_15' title='bbox 520 1041 706 1117; x_wconf 86' lang='lat' dir='ltr'>circa</span> <span class='ocrx_word' id='word_1_16' title='bbox 738 1027 1088 1142; x_wconf 85' lang='lat' dir='ltr'>templum</span> <span class='ocrx_word' id='word_1_17' title='bbox 1125 1045 1561 1122; x_wconf 86' lang='lat' dir='ltr'>Bendidium</span> <span class='ocrx_word' id='word_1_18' title='bbox 1596 1047 1813 1122; x_wconf 87' lang='lat' dir='ltr'>castra</span> <span class='ocrx_word' id='word_1_19' title='bbox 1841 1049 2003 1121; x_wconf 93' lang='lat' dir='ltr'>loco</span> <span class='ocrx_word' id='word_1_20' title='bbox 2036 1067 2280 1145; x_wconf 89' lang='lat' dir='ltr'>aperto</span> 
     </span>
     <span class='ocr_line' id='line_1_4' title="bbox 319 1157 2281 1264; baseline 0.003 -27"><span class='ocrx_word' id='word_1_21' title='bbox 319 1157 589 1260; x_wconf 76' lang='lat' dir='ltr'>posuit:</span> <span class='ocrx_word' id='word_1_22' title='bbox 644 1189 797 1263; x_wconf 91' lang='lat' dir='ltr'>pars</span> <span class='ocrx_word' id='word_1_23' title='bbox 831 1166 1040 1239; x_wconf 87' lang='lat' dir='ltr'>altera</span> <span class='ocrx_word' id='word_1_24' title='bbox 1069 1166 1160 1239; x_wconf 86' lang='lat' dir='ltr'>ad</span> <span class='ocrx_word' id='word_1_25' title='bbox 1193 1165 1588 1240; x_wconf 88' lang='lat' dir='ltr'>custodiam</span> <span class='ocrx_word' id='word_1_26' title='bbox 1625 1166 2281 1264; x_wconf 86' lang='lat' dir='ltr'>inpedimentorum</span> 
     </span>
     <span class='ocr_line' id='line_1_5' title="bbox 321 1283 2279 1382; baseline 0.001 -24"><span class='ocrx_word' id='word_1_27' title='bbox 321 1284 560 1358; x_wconf 88' lang='lat' dir='ltr'>medio</span> <span class='ocrx_word' id='word_1_28' title='bbox 606 1283 681 1357; x_wconf 89' lang='lat' dir='ltr'>in</span> <span class='ocrx_word' id='word_1_29' title='bbox 727 1283 928 1371; x_wconf 87' lang='lat' dir='ltr'>saltu,</span> <span class='ocrx_word' id='word_1_30' title='bbox 954 1379 958 1382; x_wconf 76' lang='lat'>.</span> <span class='ocrx_word' id='word_1_31' title='bbox 982 1283 1258 1381; x_wconf 88' lang='lat' dir='ltr'>duplici</span> <span class='ocrx_word' id='word_1_32' title='bbox 1293 1285 1732 1360; x_wconf 86' lang='lat' dir='ltr'>circumdata</span> <span class='ocrx_word' id='word_1_33' title='bbox 1762 1287 1971 1374; x_wconf 84' lang='lat' dir='ltr'>va110,</span> <span class='ocrx_word' id='word_1_34' title='bbox 2012 1291 2279 1360; x_wconf 81' lang='lat' dir='ltr'>mansit.</span> 
     </span>
     <span class='ocr_line' id='line_1_6' title="bbox 321 1403 2279 1504; baseline 0.002 -28"><span class='ocrx_word' id='word_1_35' title='bbox 321 1403 601 1478; x_wconf 89' lang='lat' dir='ltr'>Postero</span> <span class='ocrx_word' id='word_1_36' title='bbox 628 1403 771 1491; x_wconf 91' lang='lat' dir='ltr'>die,</span> <span class='ocrx_word' id='word_1_37' title='bbox 800 1403 993 1501; x_wconf 90' lang='lat' dir='ltr'>prius</span> <span class='ocrx_word' id='word_1_38' title='bbox 1022 1408 1384 1502; x_wconf 84' lang='lat' dir='ltr'>explorato</span> <span class='ocrx_word' id='word_1_39' title='bbox 1406 1404 1607 1493; x_wconf 89' lang='lat' dir='ltr'>saltu,</span> <span class='ocrx_word' id='word_1_40' title='bbox 1644 1431 1861 1504; x_wconf 89' lang='lat' dir='ltr'>quam</span> <span class='ocrx_word' id='word_1_41' title='bbox 1889 1430 2279 1494; x_wconf 85' lang='lat' dir='ltr'>moverent,</span> 
     </span>
     <span class='ocr_line' id='line_1_7' title="bbox 319 1523 2282 1624; baseline 0.002 -27"><span class='ocrx_word' id='word_1_42' title='bbox 319 1524 565 1621; x_wconf 88' lang='lat' dir='ltr'>primis</span> <span class='ocrx_word' id='word_1_43' title='bbox 597 1523 663 1598; x_wconf 91' lang='lat' dir='ltr'>se</span> <span class='ocrx_word' id='word_1_44' title='bbox 698 1525 1165 1624; x_wconf 90' lang='lat' dir='ltr'>conjungunt.</span> <span class='ocrx_word' id='word_1_45' title='bbox 1267 1528 1353 1598; x_wconf 92' lang='lat' dir='ltr'>In</span> <span class='ocrx_word' id='word_1_46' title='bbox 1379 1552 1464 1598; x_wconf 93' lang='lat' dir='ltr'>eo</span> <span class='ocrx_word' id='word_1_47' title='bbox 1492 1525 1788 1622; x_wconf 88' lang='lat' dir='ltr'>proeli0,</span> <span class='ocrx_word' id='word_1_48' title='bbox 1812 1551 2042 1624; x_wconf 91' lang='lat' dir='ltr'>quum</span> <span class='ocrx_word' id='word_1_49' title='bbox 2071 1531 2135 1600; x_wconf 86' lang='lat'>&amp;</span> <span class='ocrx_word' id='word_1_50' title='bbox 2174 1527 2282 1600; x_wconf 89' lang='lat' dir='ltr'>in-</span> 
     </span>
     <span class='ocr_line' id='line_1_8' title="bbox 317 1643 2282 1744; baseline 0.001 -27"><span class='ocrx_word' id='word_1_51' title='bbox 317 1643 894 1742; x_wconf 89' lang='lat' dir='ltr'>pedimentorum</span> <span class='ocrx_word' id='word_1_52' title='bbox 920 1670 1076 1742; x_wconf 89' lang='lat' dir='ltr'>pars</span> <span class='ocrx_word' id='word_1_53' title='bbox 1103 1651 1170 1720; x_wconf 86' lang='lat'>&amp;</span> <span class='ocrx_word' id='word_1_54' title='bbox 1201 1649 1561 1733; x_wconf 88' lang='lat' dir='ltr'>calonum,</span> <span class='ocrx_word' id='word_1_55' title='bbox 1591 1650 1657 1718; x_wconf 87' lang='lat'>&amp;</span> <span class='ocrx_word' id='word_1_56' title='bbox 1694 1645 1952 1721; x_wconf 89' lang='lat' dir='ltr'>milites</span> <span class='ocrx_word' id='word_1_57' title='bbox 1978 1647 2282 1744; x_wconf 81' lang='lat' dir='ltr'>aliquot,</span> 
     </span>
     <span class='ocr_line' id='line_1_9' title="bbox 319 1766 2283 1864; baseline 0.002 -26"><span class='ocrx_word' id='word_1_58' title='bbox 319 1790 550 1862; x_wconf 90' lang='lat' dir='ltr'>quum</span> <span class='ocrx_word' id='word_1_59' title='bbox 581 1767 822 1862; x_wconf 88' lang='lat' dir='ltr'>paffim</span> <span class='ocrx_word' id='word_1_60' title='bbox 857 1786 1008 1839; x_wconf 94' lang='lat' dir='ltr'>toto</span> <span class='ocrx_word' id='word_1_61' title='bbox 1041 1793 1257 1863; x_wconf 90' lang='lat' dir='ltr'>prope</span> <span class='ocrx_word' id='word_1_62' title='bbox 1293 1766 1462 1839; x_wconf 91' lang='lat' dir='ltr'>saltu</span> <span class='ocrx_word' id='word_1_63' title='bbox 1499 1788 1957 1864; x_wconf 81' lang='lat' dir='ltr'>pugnaretur,</span> <span class='ocrx_word' id='word_1_64' title='bbox 1994 1766 2283 1841; x_wconf 90' lang='lat' dir='ltr'>cecidis-</span> 
     </span>
     <span class='ocr_line' id='line_1_10' title="bbox 315 1883 2283 1987; baseline 0.003 -32"><span class='ocrx_word' id='word_1_65' title='bbox 315 1883 488 1970; x_wconf 88' lang='lat' dir='ltr'>sent,</span> <span class='ocrx_word' id='word_1_66' title='bbox 519 1883 914 1980; x_wconf 90' lang='lat' dir='ltr'>plurimum</span> <span class='ocrx_word' id='word_1_67' title='bbox 947 1885 1400 1987; x_wconf 75' lang='lat' dir='ltr'>QMinucii</span> <span class='ocrx_word' id='word_1_68' title='bbox 1434 1886 1733 1960; x_wconf 87' lang='lat' dir='ltr'>Thermi</span> <span class='ocrx_word' id='word_1_69' title='bbox 1768 1907 1993 1961; x_wconf 89' lang='lat' dir='ltr'>morte</span> <span class='ocrx_word' id='word_1_70' title='bbox 2038 1886 2283 1960; x_wconf 87' lang='lat' dir='ltr'>damni</span> 
     </span>
     <span class='ocr_line' id='line_1_11' title="bbox 314 2004 2283 2102; baseline 0.002 -25"><span class='ocrx_word' id='word_1_71' title='bbox 314 2004 412 2078; x_wconf 92' lang='lat' dir='ltr'>est</span> <span class='ocrx_word' id='word_1_72' title='bbox 463 2026 864 2102; x_wconf 89' lang='lat' dir='ltr'>acceptum,</span> <span class='ocrx_word' id='word_1_73' title='bbox 927 2004 1124 2079; x_wconf 88' lang='lat' dir='ltr'>fortis</span> <span class='ocrx_word' id='word_1_74' title='bbox 1175 2033 1256 2082; x_wconf 88' lang='lat' dir='ltr'>ac</span> <span class='ocrx_word' id='word_1_75' title='bbox 1317 2005 1577 2080; x_wconf 89' lang='lat' dir='ltr'>strenui</span> <span class='ocrx_word' id='word_1_76' title='bbox 1632 2004 1784 2079; x_wconf 85' lang='lat' dir='ltr'>viri.</span> <span class='ocrx_word' id='word_1_77' title='bbox 1870 2008 1980 2079; x_wconf 92' lang='lat' dir='ltr'>Eo</span> <span class='ocrx_word' id='word_1_78' title='bbox 2024 2005 2141 2080; x_wconf 91' lang='lat' dir='ltr'>die</span> <span class='ocrx_word' id='word_1_79' title='bbox 2190 2007 2283 2080; x_wconf 91' lang='lat' dir='ltr'>ad</span> 
     </span>
     <span class='ocr_line' id='line_1_12' title="bbox 313 2125 2283 2222; baseline 0.002 -24"><span class='ocrx_word' id='word_1_80' title='bbox 313 2127 652 2199; x_wconf 89' lang='lat' dir='ltr'>Hebrum</span> <span class='ocrx_word' id='word_1_81' title='bbox 697 2126 967 2198; x_wconf 91' lang='lat' dir='ltr'>flumen</span> <span class='ocrx_word' id='word_1_82' title='bbox 997 2147 1414 2222; x_wconf 88' lang='lat' dir='ltr'>perventum</span> <span class='ocrx_word' id='word_1_83' title='bbox 1449 2126 1569 2199; x_wconf 89' lang='lat' dir='ltr'>est.</span> <span class='ocrx_word' id='word_1_84' title='bbox 1670 2126 1847 2215; x_wconf 80' lang='lat' dir='ltr'>Inde</span> <span class='ocrx_word' id='word_1_85' title='bbox 1886 2125 2283 2202; x_wconf 87' lang='lat' dir='ltr'>Aeniorum</span> 
     </span>
     <span class='ocr_line' id='line_1_13' title="bbox 319 2245 2287 2344; baseline 0.002 -26"><span class='ocrx_word' id='word_1_86' title='bbox 319 2245 492 2318; x_wconf 89' lang='lat' dir='ltr'>fines</span> <span class='ocrx_word' id='word_1_87' title='bbox 523 2267 791 2341; x_wconf 86' lang='lat' dir='ltr'>praeter</span> <span class='ocrx_word' id='word_1_88' title='bbox 827 2245 1210 2342; x_wconf 81' lang='lat' dir='ltr'>Apollinis,</span> <span class='ocrx_word' id='word_1_89' title='bbox 1264 2246 1741 2344; x_wconf 85' lang='lat' dir='ltr'>Zerynthium</span> <span class='ocrx_word' id='word_1_90' title='bbox 1776 2273 1995 2344; x_wconf 88' lang='lat' dir='ltr'>quem</span> <span class='ocrx_word' id='word_1_91' title='bbox 2028 2267 2287 2321; x_wconf 87' lang='lat' dir='ltr'>vocant</span> 
     </span>
     <span class='ocr_line' id='line_1_14' title="bbox 318 2364 2286 2464; baseline 0.001 -26"><span class='ocrx_word' id='word_1_92' title='bbox 318 2364 616 2453; x_wconf 88' lang='lat' dir='ltr'>incolae,</span> <span class='ocrx_word' id='word_1_93' title='bbox 653 2367 1005 2463; x_wconf 88' lang='lat' dir='ltr'>templum</span> <span class='ocrx_word' id='word_1_94' title='bbox 1031 2364 1377 2462; x_wconf 88' lang='lat' dir='ltr'>superant.</span> <span class='ocrx_word' id='word_1_95' title='bbox 1477 2365 1679 2438; x_wconf 88' lang='lat' dir='ltr'>Aliae</span> <span class='ocrx_word' id='word_1_96' title='bbox 1715 2365 2072 2464; x_wconf 88' lang='lat' dir='ltr'>angustiae</span> <span class='ocrx_word' id='word_1_97' title='bbox 2100 2366 2286 2440; x_wconf 87' lang='lat' dir='ltr'>circa</span> 
     </span>
     <span class='ocr_line' id='line_1_15' title="bbox 315 2484 2284 2584; baseline 0 -26"><span class='ocrx_word' id='word_1_98' title='bbox 315 2486 682 2584; x_wconf 76' lang='lat' dir='ltr'>Teinpyra</span> <span class='ocrx_word' id='word_1_99' title='bbox 705 2484 1103 2582; x_wconf 85' lang='lat' dir='ltr'>excipiunt,</span> <span class='ocrx_word' id='word_1_100' title='bbox 1138 2486 1488 2582; x_wconf 93' lang='lat' dir='ltr'>(hocloco</span> <span class='ocrx_word' id='word_1_101' title='bbox 1521 2511 1787 2560; x_wconf 88' lang='lat' dir='ltr'>nomen</span> <span class='ocrx_word' id='word_1_102' title='bbox 1824 2485 1951 2580; x_wconf 90' lang='lat' dir='ltr'>est)</span> <span class='ocrx_word' id='word_1_103' title='bbox 1991 2512 2123 2560; x_wconf 91' lang='lat' dir='ltr'>nec</span> <span class='ocrx_word' id='word_1_104' title='bbox 2150 2484 2284 2560; x_wconf 90' lang='lat' dir='ltr'>mi-</span> 
     </span>
    </p>
   </div>
   <div class='ocr_carea' id='block_1_3' title="bbox 319 2603 2396 2704">
    <p class='ocr_par' dir='ltr' id='par_1_3' title="bbox 319 2603 2396 2704">
     <span class='ocr_line' id='line_1_16' title="bbox 319 2603 2396 2704; baseline 0.001 -26"><span class='ocrx_word' id='word_1_105' title='bbox 319 2631 451 2680; x_wconf 90' lang='lat' dir='ltr'>nus</span> <span class='ocrx_word' id='word_1_106' title='bbox 498 2603 971 2704; x_wconf 78' lang='lat' dir='ltr'>confragosae,</span> <span class='ocrx_word' id='word_1_107' title='bbox 1034 2631 1252 2702; x_wconf 90' lang='lat' dir='ltr'>quam</span> <span class='ocrx_word' id='word_1_108' title='bbox 1305 2604 1611 2702; x_wconf 87' lang='lat' dir='ltr'>priores:</span> <span class='ocrx_word' id='word_1_109' title='bbox 1666 2605 1811 2693; x_wconf 86' lang='lat' dir='ltr'>sed,</span> <span class='ocrx_word' id='word_1_110' title='bbox 1874 2604 2045 2704; x_wconf 85' lang='lat' dir='ltr'>quia</span> <span class='ocrx_word' id='word_1_111' title='bbox 2104 2605 2285 2680; x_wconf 89' lang='lat' dir='ltr'>nihil</span> <span class='ocrx_word' id='word_1_112' title='bbox 2373 2614 2396 2662; x_wconf 83' lang='lat'>-&#39;</span> 
     </span>
    </p>
   </div>
   <div class='ocr_carea' id='block_1_4' title="bbox 311 2723 2285 4264">
    <p class='ocr_par' dir='ltr' id='par_1_4' title="bbox 311 2723 2285 4264">
     <span class='ocr_line' id='line_1_17' title="bbox 315 2723 2285 2822; baseline 0.003 -26"><span class='ocrx_word' id='word_1_113' title='bbox 315 2725 608 2798; x_wconf 75' lang='lat' dir='ltr'>silvestre</span> <span class='ocrx_word' id='word_1_114' title='bbox 643 2723 828 2799; x_wconf 89' lang='lat' dir='ltr'>circa</span> <span class='ocrx_word' id='word_1_115' title='bbox 860 2725 983 2812; x_wconf 90' lang='lat' dir='ltr'>est,</span> <span class='ocrx_word' id='word_1_116' title='bbox 1047 2752 1134 2798; x_wconf 90' lang='lat' dir='ltr'>ne</span> <span class='ocrx_word' id='word_1_117' title='bbox 1170 2726 1464 2799; x_wconf 88' lang='lat' dir='ltr'>latebras</span> <span class='ocrx_word' id='word_1_118' title='bbox 1497 2724 1797 2822; x_wconf 89' lang='lat' dir='ltr'>quidem</span> <span class='ocrx_word' id='word_1_119' title='bbox 1831 2729 1922 2800; x_wconf 86' lang='lat' dir='ltr'>ad</span> <span class='ocrx_word' id='word_1_120' title='bbox 1959 2726 2285 2801; x_wconf 85' lang='lat' dir='ltr'>insidian-</span> 
     </span>
     <span class='ocr_line' id='line_1_18' title="bbox 317 2845 2285 2944; baseline 0.003 -27"><span class='ocrx_word' id='word_1_121' title='bbox 317 2846 494 2918; x_wconf 91' lang='lat' dir='ltr'>dum</span> <span class='ocrx_word' id='word_1_122' title='bbox 537 2846 897 2942; x_wconf 89' lang='lat' dir='ltr'>praebent.</span> <span class='ocrx_word' id='word_1_123' title='bbox 997 2846 1175 2918; x_wconf 88' lang='lat' dir='ltr'>Huc</span> <span class='ocrx_word' id='word_1_124' title='bbox 1227 2846 1318 2918; x_wconf 84' lang='lat' dir='ltr'>ad</span> <span class='ocrx_word' id='word_1_125' title='bbox 1372 2846 1699 2920; x_wconf 88' lang='lat' dir='ltr'>eamdem</span> <span class='ocrx_word' id='word_1_126' title='bbox 1756 2845 1947 2944; x_wconf 88' lang='lat' dir='ltr'>spem</span> <span class='ocrx_word' id='word_1_127' title='bbox 1988 2849 2285 2944; x_wconf 88' lang='lat' dir='ltr'>praedae</span> 
     </span>
     <span class='ocr_line' id='line_1_19' title="bbox 318 2963 2281 3063; baseline 0.002 -25"><span class='ocrx_word' id='word_1_128' title='bbox 318 2966 612 3038; x_wconf 82' lang='lat' dir='ltr'>Thrausi</span> <span class='ocrx_word' id='word_1_129' title='bbox 671 2969 873 3062; x_wconf 88' lang='lat' dir='ltr'>(gens</span> <span class='ocrx_word' id='word_1_130' title='bbox 909 2968 976 3039; x_wconf 88' lang='lat'>&amp;</span> <span class='ocrx_word' id='word_1_131' title='bbox 1015 2963 1158 3063; x_wconf 90' lang='lat' dir='ltr'>ipsa</span> <span class='ocrx_word' id='word_1_132' title='bbox 1196 2967 1595 3059; x_wconf 90' lang='lat' dir='ltr'>Thracum)</span> <span class='ocrx_word' id='word_1_133' title='bbox 1649 2991 2078 3040; x_wconf 88' lang='lat' dir='ltr'>convenere:</span> <span class='ocrx_word' id='word_1_134' title='bbox 2134 2966 2281 3055; x_wconf 92' lang='lat' dir='ltr'>sed,</span> 
     </span>
     <span class='ocr_line' id='line_1_20' title="bbox 315 3084 2283 3185; baseline 0.001 -26"><span class='ocrx_word' id='word_1_135' title='bbox 315 3084 486 3182; x_wconf 90' lang='lat' dir='ltr'>quia</span> <span class='ocrx_word' id='word_1_136' title='bbox 517 3085 754 3159; x_wconf 84' lang='lat' dir='ltr'>nudae</span> <span class='ocrx_word' id='word_1_137' title='bbox 779 3085 1015 3172; x_wconf 70' lang='lat' dir='ltr'>vallet»,</span> <span class='ocrx_word' id='word_1_138' title='bbox 1047 3085 1300 3181; x_wconf 89' lang='lat' dir='ltr'>procul</span> <span class='ocrx_word' id='word_1_139' title='bbox 1325 3106 1407 3157; x_wconf 92' lang='lat' dir='ltr'>ut</span> <span class='ocrx_word' id='word_1_140' title='bbox 1440 3084 2006 3183; x_wconf 88' lang='lat' dir='ltr'>conspicerentur</span> <span class='ocrx_word' id='word_1_141' title='bbox 2028 3085 2283 3185; x_wconf 87' lang='lat' dir='ltr'>angus-</span> 
     </span>
     <span class='ocr_line' id='line_1_21' title="bbox 315 3203 2281 3292; baseline 0.001 -14"><span class='ocrx_word' id='word_1_142' title='bbox 315 3205 440 3280; x_wconf 90' lang='lat' dir='ltr'>tias</span> <span class='ocrx_word' id='word_1_143' title='bbox 474 3205 892 3292; x_wconf 77' lang='lat' dir='ltr'>obfidenteS,</span> <span class='ocrx_word' id='word_1_144' title='bbox 957 3203 1380 3292; x_wconf 88' lang='lat' dir='ltr'>efficiebant,</span> <span class='ocrx_word' id='word_1_145' title='bbox 1437 3204 1675 3278; x_wconf 89' lang='lat' dir='ltr'>minus</span> <span class='ocrx_word' id='word_1_146' title='bbox 1710 3205 1983 3279; x_wconf 89' lang='lat' dir='ltr'>terroris</span> <span class='ocrx_word' id='word_1_147' title='bbox 2014 3209 2281 3280; x_wconf 88' lang='lat' dir='ltr'>tumul-</span> 
     </span>
     <span class='ocr_line' id='line_1_22' title="bbox 314 3323 2281 3426; baseline 0.002 -28"><span class='ocrx_word' id='word_1_148' title='bbox 314 3323 564 3422; x_wconf 90' lang='lat' dir='ltr'>tusque</span> <span class='ocrx_word' id='word_1_149' title='bbox 599 3323 738 3397; x_wconf 87' lang='lat' dir='ltr'>fuit</span> <span class='ocrx_word' id='word_1_150' title='bbox 779 3325 974 3423; x_wconf 88' lang='lat' dir='ltr'>apud</span> <span class='ocrx_word' id='word_1_151' title='bbox 1017 3325 1406 3398; x_wconf 82' lang='lat' dir='ltr'>Romanos,</span> <span class='ocrx_word' id='word_1_152' title='bbox 1507 3325 1801 3426; x_wconf 82' lang='lat' dir='ltr'>Qippe</span> <span class='ocrx_word' id='word_1_153' title='bbox 1856 3328 1971 3399; x_wconf 88' lang='lat' dir='ltr'>etfi</span> <span class='ocrx_word' id='word_1_154' title='bbox 2026 3325 2281 3424; x_wconf 85' lang='lat' dir='ltr'>iniquo</span> 
     </span>
     <span class='ocr_line' id='line_1_23' title="bbox 314 3443 2279 3542; baseline 0.002 -25"><span class='ocrx_word' id='word_1_155' title='bbox 314 3446 502 3532; x_wconf 91' lang='lat' dir='ltr'>loc0,</span> <span class='ocrx_word' id='word_1_156' title='bbox 559 3443 829 3540; x_wconf 90' lang='lat' dir='ltr'>proelio</span> <span class='ocrx_word' id='word_1_157' title='bbox 882 3466 1118 3518; x_wconf 88' lang='lat' dir='ltr'>tamen</span> <span class='ocrx_word' id='word_1_158' title='bbox 1154 3444 1372 3538; x_wconf 92' lang='lat' dir='ltr'>justo,</span> <span class='ocrx_word' id='word_1_159' title='bbox 1443 3444 1593 3518; x_wconf 88' lang='lat' dir='ltr'>acie</span> <span class='ocrx_word' id='word_1_160' title='bbox 1657 3466 1915 3542; x_wconf 89' lang='lat' dir='ltr'>aperta,</span> <span class='ocrx_word' id='word_1_161' title='bbox 1985 3447 2279 3520; x_wconf 88' lang='lat' dir='ltr'>conlatis</span> 
     </span>
     <span class='ocr_line' id='line_1_24' title="bbox 314 3563 2279 3664; baseline 0.001 -26"><span class='ocrx_word' id='word_1_162' title='bbox 314 3564 524 3664; x_wconf 88' lang='lat' dir='ltr'>fignis</span> <span class='ocrx_word' id='word_1_163' title='bbox 555 3563 1050 3637; x_wconf 89' lang='lat' dir='ltr'>dimicandum</span> <span class='ocrx_word' id='word_1_164' title='bbox 1089 3585 1253 3638; x_wconf 85' lang='lat' dir='ltr'>erat.</span> <span class='ocrx_word' id='word_1_165' title='bbox 1353 3563 1674 3638; x_wconf 89' lang='lat' dir='ltr'>Conferti</span> <span class='ocrx_word' id='word_1_166' title='bbox 1699 3563 2073 3638; x_wconf 86' lang='lat' dir='ltr'>subeuntes</span> <span class='ocrx_word' id='word_1_167' title='bbox 2107 3592 2279 3640; x_wconf 89' lang='lat' dir='ltr'>cum</span> 
     </span>
     <span class='ocr_line' id='line_1_25' title="bbox 311 3682 2279 3782; baseline 0 -24"><span class='ocrx_word' id='word_1_168' title='bbox 311 3686 644 3772; x_wconf 87' lang='lat' dir='ltr'>clamore,</span> <span class='ocrx_word' id='word_1_169' title='bbox 693 3683 936 3782; x_wconf 90' lang='lat' dir='ltr'>inpetu</span> <span class='ocrx_word' id='word_1_170' title='bbox 974 3682 1186 3770; x_wconf 63' lang='lat' dir='ltr'>fano,</span> <span class='ocrx_word' id='word_1_171' title='bbox 1223 3682 1537 3780; x_wconf 89' lang='lat' dir='ltr'>primum</span> <span class='ocrx_word' id='word_1_172' title='bbox 1574 3687 1901 3782; x_wconf 87' lang='lat' dir='ltr'>expulere</span> <span class='ocrx_word' id='word_1_173' title='bbox 1931 3686 2091 3760; x_wconf 90' lang='lat' dir='ltr'>loco</span> <span class='ocrx_word' id='word_1_174' title='bbox 2125 3683 2279 3758; x_wconf 91' lang='lat' dir='ltr'>hos-</span> 
     </span>
     <span class='ocr_line' id='line_1_26' title="bbox 313 3801 2277 3902; baseline 0.001 -26"><span class='ocrx_word' id='word_1_175' title='bbox 313 3825 459 3891; x_wconf 87' lang='lat' dir='ltr'>tes;</span> <span class='ocrx_word' id='word_1_176' title='bbox 515 3801 774 3878; x_wconf 89' lang='lat' dir='ltr'>deinde</span> <span class='ocrx_word' id='word_1_177' title='bbox 820 3823 1143 3877; x_wconf 86' lang='lat' dir='ltr'>avertere.</span> <span class='ocrx_word' id='word_1_178' title='bbox 1245 3805 1450 3900; x_wconf 86' lang='lat' dir='ltr'>Fuga</span> <span class='ocrx_word' id='word_1_179' title='bbox 1481 3802 1650 3876; x_wconf 90' lang='lat' dir='ltr'>inde</span> <span class='ocrx_word' id='word_1_180' title='bbox 1685 3803 2097 3902; x_wconf 84' lang='lat' dir='ltr'>caedesque,</span> <span class='ocrx_word' id='word_1_181' title='bbox 2140 3803 2277 3878; x_wconf 91' lang='lat' dir='ltr'>suis</span> 
     </span>
     <span class='ocr_line' id='line_1_27' title="bbox 311 3921 2273 4022; baseline 0.001 -26"><span class='ocrx_word' id='word_1_182' title='bbox 311 3924 492 4022; x_wconf 77' lang='lat' dir='ltr'>ipsos</span> <span class='ocrx_word' id='word_1_183' title='bbox 527 3923 1054 4021; x_wconf 88' lang='lat' dir='ltr'>inpedientibus</span> <span class='ocrx_word' id='word_1_184' title='bbox 1087 3921 1450 4020; x_wconf 85' lang='lat' dir='ltr'>angustiis,</span> <span class='ocrx_word' id='word_1_185' title='bbox 1481 3921 1631 3996; x_wconf 90' lang='lat' dir='ltr'>fieri</span> <span class='ocrx_word' id='word_1_186' title='bbox 1662 3944 1911 4020; x_wconf 90' lang='lat' dir='ltr'>coepta</span> <span class='ocrx_word' id='word_1_187' title='bbox 1930 3923 2050 3998; x_wconf 90' lang='lat' dir='ltr'>est.</span> <span class='ocrx_word' id='word_1_188' title='bbox 2118 3926 2273 4000; x_wconf 86' lang='lat' dir='ltr'>Ro-</span> 
     </span>
     <span class='ocr_line' id='line_1_28' title="bbox 311 4041 2277 4143; baseline -0.002 -23"><span class='ocrx_word' id='word_1_189' title='bbox 311 4043 509 4120; x_wconf 86' lang='lat' dir='ltr'>mani</span> <span class='ocrx_word' id='word_1_190' title='bbox 528 4043 822 4118; x_wconf 69' lang='lat' dir='ltr'>victores</span> <span class='ocrx_word' id='word_1_191' title='bbox 847 4045 939 4117; x_wconf 88' lang='lat' dir='ltr'>ad</span> <span class='ocrx_word' id='word_1_192' title='bbox 959 4042 1204 4117; x_wconf 89' lang='lat' dir='ltr'>vicum</span> <span class='ocrx_word' id='word_1_193' title='bbox 1233 4041 1752 4117; x_wconf 86' lang='lat' dir='ltr'>Maronitarum</span> <span class='ocrx_word' id='word_1_194' title='bbox 1782 4045 2021 4140; x_wconf 87' lang='lat' dir='ltr'>(Saren</span> <span class='ocrx_word' id='word_1_195' title='bbox 2040 4045 2277 4143; x_wconf 89' lang='lat' dir='ltr'>adpel-</span> 
     </span>
     <span class='ocr_line' id='line_1_29' title="bbox 313 4161 2275 4264; baseline -0.001 -25"><span class='ocrx_word' id='word_1_196' title='bbox 313 4165 488 4259; x_wconf 89' lang='lat' dir='ltr'>lant)</span> <span class='ocrx_word' id='word_1_197' title='bbox 520 4163 903 4264; x_wconf 88' lang='lat' dir='ltr'>posuerunt</span> <span class='ocrx_word' id='word_1_198' title='bbox 923 4161 1160 4240; x_wconf 88' lang='lat' dir='ltr'>castra.</span> <span class='ocrx_word' id='word_1_199' title='bbox 1258 4161 1547 4239; x_wconf 89' lang='lat' dir='ltr'>Postero</span> <span class='ocrx_word' id='word_1_200' title='bbox 1578 4162 1696 4237; x_wconf 91' lang='lat' dir='ltr'>die</span> <span class='ocrx_word' id='word_1_201' title='bbox 1730 4163 1995 4264; x_wconf 86' lang='lat' dir='ltr'>patenti</span> <span class='ocrx_word' id='word_1_202' title='bbox 2028 4163 2275 4240; x_wconf 87' lang='lat' dir='ltr'>itinere</span> 
     </span>
    </p>
   </div>
  </div>
 </body>
</html>
