3100 5359
768 776 914 852 390
1436 752 2068 827 T-L1v11

764 946 999 1021 quum
1041 920 1343 1010 censere,
1392 919 1760 999 subitarios
1795 921 2080 1011 milites,
2129 922 2484 997 tumultus
2509 920 2741 997 cauffit

768 1040 1226 1140 conscriptos,
1260 1041 1493 1141 primo
1524 1068 1818 1141 quoque
1851 1065 2167 1141 tempore
2197 1040 2497 1117 dimitti.

866 1162 1150 1244 XXIX.
1253 1161 1555 1238 Colonia
1614 1162 1984 1239 Graviscae
2044 1190 2132 1238 eo
2181 1189 2372 1238 anno
2429 1162 2744 1237 dedufita

766 1282 868 1358 est
901 1280 976 1363 in
1000 1277 1250 1381 agrum
1282 1281 1692 1370 Etruscum,
1728 1283 1818 1359 de
1853 1281 2484 1381 Tarquiniensibus
2509 1306 2743 1380 quon·

768 1404 935 1478 dam
990 1422 1303 1500 captum.
1402 1400 1652 1502 Qina
1681 1402 1936 1502 jugera
1965 1402 2113 1503 agri
2147 1404 2330 1477 data.
2433 1397 2742 1475 Tresviri

768 1524 1246 1610 deduxerunt,
1283 1524 1367 1597 C.
1402 1522 2050 1621 Calpurnius'Piso,
2085 1527 2166 1597 P.
2195 1522 2543 1597 Claudius
2573 1522 2744 1597 Pul-

768 1645 960 1733 cher,
1013 1646 1099 1721 C.
1134 1642 1513 1717 Terentius
1547 1643 1736 1717 Istra.
1836 1642 2160 1722 Siccitate
2197 1647 2265 1716 &
2311 1640 2558 1739 inopia
2599 1639 2744 1717 fru·
2899 1695 2906 1701 -

769 1788 946 1864 gum
1002 1761 1286 1861 insignis
1336 1788 1562 1839 annus
1609 1760 1768 1837 fuit.
1867 1765 2006 1837 Sex
2041 1761 2309 1838 menses
2341 1786 2740 1861 numquam

768 1882 1043 1983 pluisse,
1094 1880 1473 1957 memoriae
1504 1881 1870 1979 proditum
1907 1882 2030 1957 est.
2131 1884 2416 1959 Eodem
2443 1908 2631 1957 anno
2663 1881 2738 1957 in

766 2028 939 2101 agro
972 2004 1066 2087 L.
1096 1999 1357 2081 Petillii
1377 1998 1639 2077 scribae
1665 2000 1796 2077 sub
1829 2002 2188 2103 Janicu10‚
2222 2003 2406 2077 dum
2439 2004 2738 2078 cultores

767 2120 916 2221 agri
950 2120 1157 2203 altius
1191 2119 1586 2213 moliuntur
1625 2142 1904 2212 terram,
1953 2124 2140 2197 duae
2169 2120 2488 2221 lapideae
2515 2148 2736 2210 arcae,

768 2244 1065 2319 oetonos
1116 2240 1335 2321 ferme
1378 2241 1596 2339 pedes
1640 2242 1919 2341 longae,
1971 2250 2348 2341 quaternos
2381 2244 2590 2331 latae,
2638 2242 2740 2316 in·

768 2383 1017 2447 ventae
1052 2361 1237 2450 sunt,
1288 2360 1642 2460 operculis
1675 2364 1979 2459 plumbo
2011 2361 2384 2437 devinctis·
2483 2360 2744 2438 Literis

768 2482 1055 2574 Latinis
1093 2480 1519 2579 Graecisque
1558 2503 1856 2580 utraque
1888 2509 2046 2561 arca
2079 2481 2410 2580 inscripta
2431 2502 2625 2571 erat3
2669 2482 2742 2557 in

770 2606 983 2679 altera
1014 2604 1340 2686 Numam
1374 2602 1850 2701 Pompilium,
1899 2602 2290 2703 Pomponis
2323 2601 2589 2691 filium,
2640 2628 2742 2677 re·

769 2749 935 2823 gem
974 2724 1503 2810 Romanorum,
1552 2722 1910 2821 sepultum
1954 2725 2125 2811 effe3
2178 2721 2253 2799 in
2287 2723 2500 2799 altera
2527 2722 2746 2799 libros

764 2846 1059 2927 Numae
1092 2840 1431 2940 Pompilii
1463 2840 1698 2917 ineffe.
1801 2845 1942 2917 Eas
1965 2867 2151 2919 arcas
2176 2868 2416 2942 quum
2451 2844 2744 2919 exami-

770 2988 1020 3041 corum
1051 2960 1390 3051 sententia
1421 2960 1760 3043 dominus
1791 2960 2184 3060 aperuisset,
2232 2988 2415 3062 quae
2448 2962 2745 3039 titulum

770 3082 1022 3184 sepulti
1072 3081 1254 3187 regis
1318 3084 1683 3170 habuerat,
1749 3079 1975 3159 inanis
2032 3079 2344 3173 inventa,
2395 3086 2538 3159 fine
2595 3084 2746 3159 ullo

770 3202 1067 3305 vestigio
1097 3200 1410 3301 corporis
1438 3199 1767 3291 humani,
1793 3221 1920 3281 aut
1947 3200 2164 3281 ullius
2195 3202 2322 3291 rei,
2357 3228 2482 3301 per
2507 3206 2746 3279 tabem

768 3344 879 3401 tot
934 3348 1287 3405 annorum
1351 3320 1689 3400 omnibus
1741 3319 2102 3419 absumtis.
2199 3324 2287 3399 In
2337 3324 2550 3401 altera
2592 3325 2747 3400 duo

770 3443 1013 3533 fasceS,
1064 3441 1376 3523 candelis
1410 3440 1743 3530 involuti,
1794 3441 2110 3541 septenos
2141 3444 2448 3519 habuere
2497 3442 2746 3533 libros,

771 3590 921 3643 non
954 3562 1263 3662 integros
1288 3564 1537 3650 mode,
1587 3560 1708 3637 sed
1741 3561 2198 3638 recentiffima
2224 3561 2472 3662 specie.
2573 3565 2744 3660 Sep-

770 3706 917 3761 tem
1002 3682 1247 3761 Latini
1324 3685 1416 3758 de
1479 3684 1643 3779 jure
1710 3680 2082 3782 pontificio
2144 3702 2389 3772 erant3
2473 3679 2742 3780 septem

772 3804 1029 3881 Graeci
1076 3806 1167 3880 de
1216 3802 1586 3902 disciplina
1618 3800 2018 3900 sapientiae,
2067 3827 2250 3902 quae
2281 3800 2471 3877 iuius
2503 3800 2748 3879 aetatis

770 3926 904 4004 effe
948 3922 1206 4024 potuit.
1304 3921 1581 4020 Adjicit
1636 3921 1887 3998 Antias
1932 3920 2276 4010 Valerius,
2327 3921 2745 4021 Pythagori-

770 4070 893 4122 cos
950 4044 1176 4133 fuiffe,
1222 4044 1547 4142 vulgatae
1607 4040 1960 4141 opinioni,
2011 4066 2158 4141 qua
2211 4040 2551 4131 creditur,
2603 4046 2742 4141 ΡΥ,

772 4166 1099 4266 thagorae
1128 4161 1527 4241 auditorem
1560 4160 1762 4263 fuiffe
1793 4162 2111 4259 Numam
2117 4217 2140 4267 ³.
2169 4158 2547 4259 mendacio
2577 4187 2738 4261 pro-
