3100 5359
1017 795 1491 869 LIBER
1594 795 1763 871 XL.
2212 824 2355 896 4¹9

383 967 524 1068 pitz
577 969 836 1070 praeda
886 969 1155 1068 potitus
1211 971 1482 1071 ingenti
1539 971 1659 1046 est.
1760 970 2131 1047 Convertit
2182 973 2351 1048 inde

383 1115 640 1189 agmen
675 1109 882 1177 tetre,
932 1092 1126 1165 unde
1159 1113 1468 1180 venerat,
1517 1093 1611 1166 ad
1645 1094 1903 1180 Alcen,
1949 1112 2162 1192 atque
2189 1118 2347 1167 eam

383 1212 642 1285 urbem
675 1213 1090 1310 obpugnare
1124 1210 1395 1285 institit.
1494 1205 1864 1310 Oppidani
1896 1211 2215 1309 primum
2244 1211 2351 1284 in-

386 1349 638 1428 petum
684 1329 995 1405 hostium
1029 1329 1546 1406 sustinuerunt:
1601 1330 1889 1419 deinde,
1942 1355 2174 1428 quum
2204 1331 2355 1427 jam

385 1475 534 1525 non
565 1451 779 1526 armis
804 1435 1051 1539 inodO,
1103 1450 1222 1526 fed
1253 1450 1467 1526 etiam
1499 1450 1835 1549 operibus
1862 1455 2354 1550 obpugnaren-

385 1589 526 1659 tur,
579 1571 780 1646 diffifi
825 1570 1159 1670 praefidio
1200 1571 1426 1660 urbis»,
1479 1571 1557 1645 in
1583 1595 1815 1677 arcem
1844 1569 2148 1646 universi
2182 1596 2352 1646 con-

386 1693 750 1766 cefferunt.
801 1690 1165 1766 Postremo
1189 1695 1258 1766 ὅτ
1294 1690 1492 1779 inde,
1526 1689 1901 1789 praemiflis
1934 1689 2353 1778 oratoribus,

386 1808 464 1883 in
493 1809 843 1885 ditionem
863 1810 931 1885 se
950 1810 1213 1910 suaque
1232 1811 1477 1886 omnia
1493 1810 1847 1886 Romanis
1871 1810 2355 1944 permiserunt.

386 1931 666 2064 Magna
697 1930 864 2006 inde
885 1934 1144 2031 praeda
1169 1930 1352 2006 facta
1375 1931 1497 2006 est.
1601 1909 1829 2006 Multi
1856 1931 2115 2030 captivi
2149 1929 2355 2005 nobi-

385 2049 546 2125 les
527 2076 604 2124 in
656 2033 1070 2147 potestatem
1111 2065 1504 2138 venerunt,
1557 2049 1739 2126 inter
1771 2075 1951 2150 quos
1986 2055 2055 2125 8τ
2086 2049 2356 2140 Thurri

383 2169 517 2246 filii
542 2172 693 2246 duo
712 2169 786 2241 δι
813 2167 980 2243 filia.
1047 2170 1379 2268 Regulus
1406 2169 1525 2245 hic
1558 2195 1799 2244 earum
1826 2168 2154 2269 gentium
2184 2191 2353 2258 erat,

381 2293 595 2391 longe
625 2287 1137 2390 potentiflimus
1165 2289 1495 2364 omnium
1524 2288 2033 2394 Hispanorum.
2122 2290 2357 2365 Audi-

383 2431 455 2486 ta
512 2397 802 2485 suorum
861 2411 1088 2514 clade,
1140 2408 1379 2498 miffis,
1439 2409 1570 2508 qui
1628 2410 1849 2484 fidem
1906 2409 2221 2484 venienti
2280 2409 2357 2484 in

382 2529 600 2609 castra
627 2531 720 2605 ad
753 2531 1166 2605 Gracchum
1201 2537 1540 2629 peterent,
1590 2529 1829 2604 venit.-
1912 2531 2009 2603 Et
2038 2528 2356 2628 primurn

385 2649 725 2751 quaefivit
765 2652 856 2725 ab
908 2675 1022 2739 e0,
1072 2659 1121 2697 “
1157 2676 1247 2724 ne
1294 2647 1419 2724 fibi
1469 2648 1711 2724 liceret
1747 2674 1828 2724 ac
1864 2646 2002 2723 suis
2029 2648 2263 2725 vivere
2282 2651 2357 2724 ?'’

365 2797 617 2871 quum
646 2789 919 2870 praetor
951 2779 1004 2816 “
1038 2768 1444 2845 victum&
1475 2768 1963 2870 respondissem
2016 2769 2354 2868 quaefivit

383 2891 672 2979 iterum,
723 2900 776 2944 ‘-‘
813 2892 859 2963 fi
912 2914 1084 2964 curn
1130 2887 1482 2964 Romanis
1536 2888 1837 2964 militare
1886 2889 2129 2963 liceret
2152 2891 2229 2962 ?''
2276 2888 2355 2963 id

383 3037 680 3112 quoque
715 3010 1046 3085 Graccho
1086 3009 1568 3108 permittente,
1619 3020 1672 3054 “
1710 3008 2027 3108 sequar,''
2086 3006 2355 3105 inquit,

361 3143 438 3186 ·“
471 3157 601 3207 vos
644 3129 968 3206 adversus
995 3151 1261 3205 veteres
1285 3128 1510 3234 socios
1541 3155 1765 3216 meos»,
1817 3126 2163 3227 quoniam
2195 3127 2355 3202 illos

383 3237 437 3300 ἑ*
471 3253 566 3328 ad
611 3277 729 3327 me
781 3237 1126 3356 propiunt
1175 3249 1589 3349 suspicere.”
1686 3251 1983 3324 Secutus
2032 3247 2133 3322 est
2184 3247 2354 3323 inde

383 3375 783 3460 Romanos,
835 3369 1146 3469 fortique
1195 3396 1278 3445 ac
1335 3367 1532 3443 fideli
1600 3393 1813 3468 opera
1876 3366 2119 3443 multis
2178 3367 2356 3445 locis

383 3519 534 3570 rem
561 3495 970 3568 Romanam
995 3481 1290 3586 adjuvit.

481 3615 580 3688 L.
679 3609 983 3712 Ergavia
1031 3610 1230 3702 inde,
1313 3608 1577 3685 nobilis
1636 3612 1707 3684 &
1769 3629 2020 3707 potens
2080 3609 2355 3702 civita-3,

379 3734 684 3812 aliorum
727 3731 914 3807 circa
952 3732 1384 3831 populorum
1437 3727 1761 3804 cladibus
1810 3729 2071 3817 territa,
2121 3751 2355 3828 portas

283 3895 290 3900 ·
379 3852 656 3954 aperuit
706 3850 1078 3926 Romanis.
1192 3851 1375 3925 Eam
1428 3848 1870 3924 deditionem
1918 3849 2353 3949 oppidorum

381 3975 578 4051 haud
612 3997 781 4048 cum
809 3972 951 4046 fide
979 3969 1264 4059 factam,
1315 3967 1617 4069 quidam
1648 3971 1967 4044 auctores
1999 3967 2181 4044 sunt.
2284 3971 2351 4044 E

381 4119 530 4196 qua
577 4092 864 4194 regione
919 4089 1317 4167 abduxisset
1363 4089 1703 4190 legiones,
1756 4090 2115 4187 externplo
2179 4087 2350 4164 inde

379 4213 825 4304 rebellatum,
907 4236 1314 4314 magnoque
1394 4236 1565 4286 eum
1634 4209 1873 4310 postea
1932 4207 2201 4310 proelio
2258 4211 2353 4286 ad
