3100 5359
823 714 896 787 L
955 739 982 787 ι
1051 738 1090 786 B
1147 737 1191 787 n
1247 737 1294 786 ιι
1399 713 1825 788 XXXVIII.
2156 717 2291 814 185

331 891 597 965 talenta
621 887 689 964 se
711 887 1235 977 confecturum,
1262 914 1480 989 prope
1508 910 1593 964 ut
1620 889 1972 976 diffidens,
2010 888 2294 986 pollice—

334 1013 566 1085 batur.
667 1017 723 1054 “
763 1007 1222 1098 Enimver0,’'
1281 1008 1518 1108 inquit
1566 1007 1836 1096 consul,
1874 1017 1925 1051 “
1963 1007 2122 1081 ferri
2145 1009 2297 1105 jam

331 1127 827 1204 “ludificatio
883 1129 1010 1204 ista
1072 1155 1218 1204 non
1283 1129 1530 1228 potest.
1634 1131 1893 1203 Parum
1960 1128 2086 1217 est,
2149 1155 2295 1204 non

325 1261 376 1294 ‘⁶
413 1247 768 1325 erubuiffe
789 1247 1175 1338 absentem,
1191 1275 1422 1349 quum
1445 1275 1571 1346 per
1590 1250 1860 1347 legatos
1878 1247 2291 1324 frustrareris

328 1382 381 1416 “
422 1397 558 1445 nos
583 1402 604 1445 t
655 1370 974 1468 praesens
1003 1393 1296 1468 quoque
1327 1369 1400 1444 in
1423 1370 1672 1444 eadem
1696 1368 2117 1467 inpudentia
2138 1395 2295 1467 per-

327 1501 377 1536 “
419 1489 614 1565 fistis.
713 1489 1065 1590 Qinque
1121 1493 1186 1563 &
1242 1488 1506 1589 viginti
1549 1491 1809 1564 talenta
1850 1487 2298 1589 tyrannidem

324 1621 375 1656 ‘⁸
411 1631 614 1686 tuam
699 1609 1199 1685 exhaurirent?
1299 1608 1717 1711 Qingenta
1781 1635 1949 1710 ergo
2042 1611 2299 1686 'talenta

323 1743 373 1776 “
411 1731 538 1806 nifi
607 1730 846 1824 triduo
925 1755 1274 1819 numeraS,
1335 1729 1870 1828 populationem
1948 1729 2025 1805 in
2090 1730 2297 1830 agriS,

328 1864 376 1896 “
413 1851 858 1928 obsidionem
892 1848 968 1922 in
1015 1852 1190 1924 urbe
1237 1848 1625 1947 exspecta?
1721 1853 1890 1925 Hac
1927 1850 2299 1926 denuntia-

331 1973 530 2048 tione
561 1969 1007 2057 conterritus,
1031 1970 1325 2069 perstare
1345 1991 1581 2045 tamen
1612 1970 1686 2045 in
1719 1970 2055 2068 pertinaci
2092 1974 2299 2046 fimu-

331 2093 605 2168 latione
671 2090 975 2189 inopiae.
1080 2093 1176 2164 Et
1234 2090 1605 2188 paullatim
1659 2091 2006 2167 inliberali
2070 2093 2299 2189 adjec-

334 2212 558 2300 tione,
605 2237 801 2286 nunc
862 2235 987 2309 per
1031 2208 1576 2299 cavillationem,
1624 2237 1819 2286 nunc
1864 2211 2192 2310 precibus
2227 2217 2299 2289 ὅτ

331 2330 666 2408 fimulatis
711 2328 1061 2429 lacrymis„
1115 2329 1206 2403 ad
1242 2350 1536 2406 centum
1572 2332 1831 2404 talenta
1862 2331 1962 2406 est
1995 2333 2300 2430 perduc-

333 2473 470 2528 tus.
576 2451 878 2547 Adje&a
908 2450 1162 2524 decem
1195 2447 1420 2524 millia
1439 2450 1893 2526 medimnum
1939 2448 2300 2528 frumenti.

335 2575 546 2648 Haec
579 2569 825 2646 omnia
858 2567 1041 2643 intra
1073 2567 1190 2642 sex
1223 2568 1374 2644 dies
1403 2574 1667 2647 exacta.

425 2695 596 2767 XV.
696 2694 768 2764 A
803 2687 1068 2786 Cibyra
1099 2713 1224 2788 per
1255 2715 1458 2790 agros
1477 2691 1925 2768 Sindensium
1951 2692 2299 2769 exercitus

333 2812 628 2898 ductus,
689 2807 1272 2908 transgreffusque
1304 2813 1675 2886 Caularem
1703 2837 2016 2901 amnem,
2067 2811 2303 2913 posuit

333 2931 569 3007 castra.
668 2929 952 3005 Postero
999 2928 1120 3002 die
1160 2929 1260 3004 est
1291 2951 1562 3028 praeter
1594 2931 1931 3007 Caralitin
1962 2935 2301 3032 paludem

327 3077 586 3151 agmen
643 3051 971 3125 ductum.
1088 3051 1214 3124 Ad
1266 3050 1813 3150 Mandropolim
1876 3052 2301 3128 manserunt.

330 3171 508 3246 Inde
528 3168 1148 3270 progredientibus
1173 3172 1265 3244 ad
1287 3173 1574 3271 Lagon,
1600 3171 1999 3270 proximam
2019 3177 2301 3262 urbem,

329 3312 528 3368 metu
587 3289 860 3366 incolae
897 3289 1256 3390 fugerunt.
1358 3293 1693 3368 Vacuum
1737 3291 2180 3383 hominibus,
2232 3295 2303 3367 ὅτ

331 3409 671 3488 refertum
705 3435 940 3485 rerum
972 3409 1304 3485 omnium
1332 3411 1564 3512 copia,
1600 3413 1954 3513 oppidum
1987 3411 2300 3512 diripue-

330 3552 520 3606 runt.
621 3529 800 3605 Inde
844 3532 935 3604 ab
979 3532 1182 3628 Lyfis
1223 3530 1542 3606 fluminis
1588 3532 1810 3623 fonte,
1872 3531 2149 3631 postero
2181 3533 2301 3608 die

328 3652 423 3727 ad
482 3651 923 3726 Cobulatum
978 3675 1262 3724 amnem
1327 3655 1680 3750 progreffi.
1792 3649 2303 3729 Termessenses

331 3799 420 3848 eo
473 3791 792 3869 tempore
842 3769 1344 3844 Isiondensium
1390 3796 1652 3860 arcem,
1696 3774 1873 3847 urbe
1910 3793 2135 3870 capta,
2170 3774 2299 3848 ob-

329 3893 777 3992 pugnabant:
831 3887 1104 3978 inclufi,
1156 3912 1388 3987 quum
1434 3889 1570 3965 alia
1624 3889 1775 3989 spes
1826 3891 2075 3967 auxilii
2112 3895 2305 3968 nulla

333 4013 523 4101 estet,
555 4012 820 4111 legatos
842 4011 934 4084 ad
959 4005 1350 4099 consulem,
1377 4031 1651 4086 orantes
1676 4035 1917 4108 opem,
1941 4010 2303 4091 miserunt.

329 4142 384 4176 “
421 4133 614 4208 Cum
666 4127 1094 4230 conjugibus
1152 4155 1234 4207 ac
1278 4128 1516 4207 liberis
1569 4129 1645 4206 in
1692 4153 1849 4208 arce
1883 4130 2189 4210 inclusos
2230 4131 2300 4210 se
