3100 5359
895 714 968 786 L
1025 738 1052 786 1
1117 738 1157 787 B
1216 738 1259 786 E
1317 738 1363 786 R
1465 714 1820 789 xxxvl.
2252 740 2343 813 23

371 888 576 971 boea,
629 882 976 959 Phaloria.
1075 886 1252 959 Inde
1287 884 1755 975 Pellinaeum,
1804 886 1933 961 ubi
1962 884 2338 985 Philippus

371 1005 1029 1103 Megalopolitanus
1095 1030 1264 1079 cum
1333 1005 1749 1105 quingentis
1824 1004 2189 1105 peditibus
2260 1006 2335 1079 δε

369 1122 738 1221 equitibus
765 1124 1233 1224 quadraginta
1258 1124 1334 1199 in
1363 1125 1701 1223 praefidio
1726 1146 1894 1213 erat,
1932 1130 1999 1199 ὅτ
2028 1125 2333 1200 circum·

367 1244 634 1331 fidunt,
695 1248 792 1331 ὅτ,
854 1243 1266 1343 priusquam
1318 1248 1833 1347 obpugnarent,
1898 1244 2195 1319 mittunt
2243 1247 2335 1320 ad

371 1362 818 1462 Philippum,
871 1364 1000 1461 qui
1039 1386 1382 1453 moneret,
1435 1393 1524 1440 ne
1567 1366 1715 1440 vim
1750 1366 2079 1441 ultimam
2123 1392 2334 1463 expe·

367 1483 490 1559 riri
534 1486 766 1558 vellet.
863 1484 1155 1586 Qibus
1201 1485 1320 1559 ille
1373 1484 1528 1559 satis
1581 1484 1905 1560 ferociter
1948 1484 2331 1585 respondit,

367 1608 484 1681 vel
519 1604 894 1693 RomaniS,
945 1606 1057 1679 vel
1105 1605 1450 1681 Thessalis
1487 1603 1555 1680 se
1599 1604 2037 1680 crediturum
2083 1604 2330 1679 fuiss‘e:

369 1724 450 1799 in
484 1724 798 1825 Philippi
840 1724 908 1799 se
950 1725 1364 1824 potestatem
1410 1725 1952 1801 commissurum
1996 1752 2144 1799 non
2178 1727 2333 1801 effe.

371 1846 761 1945 Postquam
805 1844 1128 1947 adparuit
1175 1845 1252 1920 vi
1302 1848 1694 1945 agendum,
1746 1845 1917 1945 quia
1956 1843 2335 1921 videbatur

368 1966 448 2039 δι
482 1965 908 2041 Limnaeam
963 1967 1218 2041 eodem
1280 1986 1598 2065 tempore
1658 1966 2057 2065 obpugnari
2094 1968 2319 2065 poffe,

369 2112 614 2185 regem
651 2086 742 2159 ad
783 2086 1207 2161 Limnaeam
1242 2085 1343 2160 ire
1381 2086 1683 2183 placuit:
1740 2087 2039 2161 Baebius
2084 2086 2334 2161 restitit

367 2206 462 2279 ad
497 2205 938 2281 Pellinaeum
971 2207 1569 2306 obpugnandum.

469 2327 670 2400 XIV.
769 2328 904 2401 Per
943 2352 1062 2400 eos
1111 2324 1288 2401 forte
1341 2325 1493 2401 dies
1547 2330 1687 2401 Μ’.
1737 2326 2015 2401 Acilius
2062 2326 2332 2417 consul,

370 2470 542 2520 cum
590 2447 840 2521 decem
893 2446 1212 2523 millibus
1263 2446 1621 2545 peditum,
1684 2448 1971 2521 duobus
2022 2446 2337 2522 millibus

369 2565 726 2664 equiturn,
798 2566 1220 2665 quindecim
1287 2566 1701 2664 elephantis,
1782 2566 1957 2641 mari
2026 2567 2335 2663 trajecto,

369 2685 722 2783 pedestres
755 2686 990 2786 copias
1020 2686 1366 2761 Larissam
1396 2687 1657 2763 ducere
1686 2686 1993 2763 delectos
2022 2685 2336 2761 militum

370 2804 694 2881 tribunos
715 2805 930 2901 juffit.
1031 2804 1182 2905 Ipse
1217 2832 1386 2881 cum
1418 2806 1739 2903 equitatu
1786 2808 2211 2882 Limnaeam
2244 2807 2337 2879 ad

369 2925 792 3025 Philippum
837 2924 1057 3001 venit.
1159 2926 1500 2999 Adventu
1540 2923 1842 3000 consulis
1877 2926 2150 3001 deditio
2196 2930 2335 2999 fine

369 3045 824 3123 cunctatione
858 3046 960 3121 est
989 3044 1210 3119 faeta:
1263 3044 1745 3145 traditumque
1780 3046 2196 3144 praesidium
2230 3070 2333 3119 re-

369 3166 604 3266 gium,
655 3170 724 3240 ὅτ
759 3192 929 3241 cum
963 3163 1050 3239 iis
1085 3167 1563 3239 Athamanes.·
1644 3168 1767 3239 Ab
1796 3164 2145 3239 Limnaea
2178 3165 2335 3237 Pel-

368 3286 686 3361 limeum
725 3285 968 3361 consul
1001 3283 1486 3384 proficiscitur.
1589 3283 1701 3359 Ibi
1736 3282 1946 3382 primi
1996 3285 2336 3357 Athama-

369 3434 494 3483 nes
535 3405 976 3481 tradiderunt
1019 3404 1182 3493 sese,
1233 3404 1498 3479 deinde
1543 3405 1619 3476 &
1654 3401 2030 3502 Philippus
2078 3404 2334 3502 Mega-

371 3526 842 3627 lopolitanus:
897 3527 1042 3615 cui,
1114 3522 1490 3600 decedenti
1539 3524 1631 3597 de
1688 3521 2048 3621 praesidio,
2101 3547 2333 3620 quum

369 3648 632 3725 obvius
679 3645 857 3721 forte
903 3645 1134 3720 fuisset
1179 3645 1555 3742 Philippus
1602 3669 1749 3731 rex,
1800 3644 1893 3717 ad
1938 3642 2335 3719 ludibrium

367 3794 612 3868 regem
642 3792 813 3840 eum
848 3764 1258 3842 consalutari
1300 3764 1491 3861 juffit
1511 3796 1536 3851 3
1591 3760 1735 3860 ipse
1770 3764 2169 3861 congressus
2202 3760 2335 3836 fra-

370 3909 578 3974 trem,
627 3886 824 3961 haud
867 3884 1024 3959 sane
1073 3887 1334 3960 decoro
1386 3880 1721 3979 majestati
1768 3880 1925 3956 suae
1966 3883 2162 3978 joce,
2210 3883 2333 3955 ad-

369 3996 683 4107 pellavitss
781 4006 1158 4081 Deduems
1211 4003 1380 4077 inde
1434 4004 1525 4077 ad
1581 4000 1941 4077 consulem
1995 3999 2332 4075 custodiri

371 4127 620 4220 juffus,
671 4130 737 4201 δι
773 4126 964 4201 haud
995 4123 1090 4199 ita
1117 4125 1350 4199 multo
1385 4121 1540 4221 post
1574 4120 1651 4196 in
1675 4120 1981 4196 vinculis
2018 4122 2332 4197 Romam

1311 4264 1474 4361 Cs
