3100 5359
819 848 1872 935 T1T1L1v11

637 1070 2166 1169 PATAVINI

709 1340 1025 1419 LIBER
1074 1338 2009 1445 QUADRAGEslMUS.

378 1616 443 1692 I.
507 1540 1182 1695 PRINCIPIO
1264 1618 1697 1719 insequentis
1779 1614 1947 1694 anni
2034 1617 2353 1694 consules

381 1756 880 1857 praetoresque
915 1759 1138 1837 sortiti
1173 1762 1571 1862 provincias
1604 1762 1783 1837 sunt.
1885 1759 2344 1851 ConsulibuS,

387 1879 614 1967 nulla,
672 1900 941 1976 praeter
992 1880 1327 1981 Ligures,
1383 1909 1565 1981 quae
1613 1881 2130 1967 decerneretur,
2192 1902 2358 1955 erat.

385 1996 808 2093 jurisdictio
861 2003 1132 2075 urbana
1161 2005 1276 2077 M.
1311 2001 1638 2103 Ogulnio
1673 2000 1910 2089 Gallo,
1948 2000 2129 2075 inter
2158 2027 2357 2099 pere-

382 2118 629 2219 grinos
685 2120 800 2193 M.
837 2120 1118 2195 Valerio
1162 2120 1445 2208 evenit3
1499 2118 2010 2218 Hispaniarum
2043 2122 2351 2220 QFul-

384 2238 512 2314 vio
539 2240 798 2317 Flacco
818 2240 1125 2330 citerior,
1155 2244 1237 2316 P.
1273 2239 1559 2315 Manlio
1584 2232 1897 2327 ulterior,
1928 2242 2019 2314 L.
2048 2238 2361 2315 Caecilio

391 2358 654 2436 Dentri
681 2359 946 2450 Sicilia,
999 2364 1087 2436 C.
1114 2359 1454 2437 Terentio
1488 2360 1695 2435 Istrae
1728 2357 2068 2434 Sardinia.
2168 2361 2361 2434 Con-

390 2480 574 2555 sules
613 2480 928 2557 delectus
971 2483 1228 2557 habere
1249 2482 1432 2578 juffi.
1537 2478 1927 2582 QFabius
1951 2504 2043 2555 ex
2074 2478 2365 2579 Liguri-

389 2604 531 2676 bus
567 2598 944 2698 scripserat,
999 2604 1346 2700 Apuanos
1389 2602 1482 2675 ad
1517 2598 1977 2676 rebellionem
2010 2597 2360 2698 spectare:

391 2718 940 2821 periculumque
966 2723 1128 2809 effe,
1153 2747 1246 2795 ne
1281 2722 1605 2819 inpetum
1640 2719 1714 2794 in
1745 2746 1995 2820 agrum
2028 2720 2365 2799 Pisanum

389 2839 726 2916 facerent.
829 2844 927 2916 Et
973 2866 1064 2916 ex
1119 2838 1513 2938 HispaniiS,
1576 2836 1976 2917 citeriorem
2026 2839 2105 2915 in
2156 2842 2366 2920 armis

392 2961 558 3049 effe,
609 2959 685 3033 δι
730 2986 903 3035 cum
956 2958 1331 3037 Celtiberis
1384 2956 1628 3035 bellari
1675 2957 2026 3035 sciebant:
2079 2960 2157 3036 in
2184 2963 2365 3037 ulte-

394 3080 605 3171 riore,
661 3080 834 3181 quia
866 3079 992 3155 diu
1028 3104 1233 3180 aeger
1262 3098 1542 3177 praetor
1576 3076 1770 3168 esset,
1802 3078 2087 3155 luxuria
2114 3084 2182 3156 &
2214 3081 2366 3157 otio

395 3200 697 3276 solutam
730 3198 1178 3297 disciplinam
1209 3197 1587 3274 militarem
1619 3201 1778 3274 effe.
1875 3201 1999 3275 Ob
2032 3226 2113 3275 ea
2146 3226 2367 3278 novos

393 3320 744 3397 exercitus
797 3316 1142 3395 conscribi
1194 3316 1510 3417 placuit:
1564 3340 1868 3417 quatuor
1917 3320 2229 3421 legiones
2288 3322 2365 3398 in

395 3440 732 3541 LigureS,
782 3438 891 3514 uti
935 3441 1239 3539 fingulae
1275 3438 1496 3538 quina
1529 3438 1753 3514 millia
1782 3439 1856 3512 ὅτ
1890 3442 2208 3517 ducenos
2239 3468 2363 3541 pe·

397 3561 609 3651 dites,
643 3582 959 3635 trecenos
993 3562 1332 3635 haberent
1363 3560 1682 3659 equites:
1736 3559 2085 3636 sociorum
2114 3560 2366 3639 iisdem

399 3680 648 3756 Latini
682 3679 992 3755 nominis
1026 3677 1448 3777 quindecim
1482 3677 1707 3754 millia
1732 3679 2063 3779 peditum
2096 3682 2364 3774 addita,

399 3806 472 3877 &
525 3799 917 3900 octingenti
962 3797 1259 3897 equites.
1357 3797 1470 3873 Hi
1506 3798 1658 3873 duo
1684 3798 2075 3875 consulares
2101 3803 2367 3878 exerci-

399 3943 514 3997 tus
571 3922 809 3995 effent.
910 3917 1226 3994 Scribere
1281 3938 1631 4015 praeterea
1654 3919 1815 4015 juffi
1847 3917 2111 4016 septem
2147 3919 2371 3995 millia

395 4041 728 4141 peditum
759 4036 1110 4115 sociorum
1139 4062 1220 4111 ac
1253 4035 1498 4111 Latini
1528 4036 1864 4125 nominis,
1923 4038 2000 4110 &
2032 4038 2369 4135 quadrin-

397 4184 650 4265 gentos
696 4158 1017 4260 equites:
1070 4159 1140 4232 δε
1193 4156 1470 4233 mittere
1521 4159 1616 4233 ad
1669 4161 1785 4234 M.
1814 4159 2245 4235 Marcellum
2290 4158 2369 4235 in
