3100 5359
887 739 958 809 L
1011 761 1038 809 1
1099 763 1138 809 B
1197 762 1242 811 E
1299 764 1346 811 R
1447 739 1804 815 XXXVI.
2244 764 2329 812 21

365 908 441 979 δε
487 907 604 981 alii
647 910 1084 983 manendum
1133 910 1205 983 in
1257 914 1588 987 Romana
1633 912 1980 1001 societate,
2032 911 2149 987 alii
2186 938 2331 987 non

363 1028 916 1127 adspernandam
969 1030 1355 1105 amicitiam
1411 1032 1590 1131 regis
1636 1032 2036 1119 censerent,
2088 1030 2352 1105 media‘

363 1147 510 1223 visa
550 1133 655 1222 est'
695 1148 888 1245 Clyti
934 1148 1293 1238 sententia,
1347 1178 1575 1250 eoque
1622 1174 1909 1248 accepta
1942 1152 2066 1239 est,
2120 1173 2203 1225 ut
2236 1152 2327 1225 ad

365 1290 606 1366 regem
653 1268 1014 1344 mit'terent
1067 1274 1355 1369 legatos,
1420 1294 1876 1370 peterentque
1910 1276 2015 1347 ab
2062 1300 2174 1361 ee,
2245 1295 2329 1347 ut

361 1387 784 1464 Medionios
837 1388 1037 1487 super
1091 1412 1280 1465 tanta
1331 1418 1402 1465 re
1462 1392 1851 1468 consultare
1888 1392 1962 1465 in
2016 1392 2326 1467 concilio

361 1514 820 1583 Acarnanum
863 1533 1233 1606 pateretur.
1337 1513 1422 1585 In
1456 1538 1625 1587 eam·
1645 1511 2071 1612 legationem
2106 1514 2323 1585 Mne-

363 1631 688 1716 filochuS,
739 1629 814 1699 &
849 1628 974 1727 qui
1025 1632 1170 1727 ejus
1219 1630 1540 1706 factionis
1575 1653 1793 1719 erant,
1846 1634 1936 1705 de
1987 1631 2329 1705 industria

361 1748 691 1845 conjecti,
744 1750 926 1822 clam
961 1749 1198 1837 miffis,
1251 1750 1380 1848 qui
1409 1777 1646 1849 regem
1680 1754 2053 1827 admovere
2089 1750 2326 1849 copias

349 1869 712 1964 juberent,
765 1866 886 1965 ipfi
940 1872 1254 1944 terebant
1306 1892 1647 1967 tempus..
1724 1875 1972 1971 Itaque
2018 1872 2325 1947 vixdum

361 1987 450 2063 iis
495 1992 764 2087 egreffis
807 1988 1076 2087 legatis,
1132 1990 1536 2065 Antiochus
1572 1990 1648 2064 in
1684 1992 1971 2079 finibuS,
2027 2018 2197 2066 mox
2230 1993 2325 2066 ad

365 2117 808 2206 portas'erat,
862 2112 929 2182 ὅτ
979 2108 1517 2207 trepidantibuS,
1572 2111 1699 2208 qui
1734 2132 2053 2208 expertes
2086 2112 2325 2210 prodi-

369 2228 580 2303 tionis
613 2228 914 2315 fuerant,
942 2228 1521 2325 tumultuoseque
1542 2230 1997 2325 juventutem
2024 2234 2115 2306 ad
2136 2258 2328 2306 arma

361 2349 808 2441 vocantibus,
860 2352 950 2423 ab
986 2350 1198 2446 Clyto
1245 2353 1312 2423 ὅτ
1348 2352 1797 2424 Mnefilocho
1832 2349 1907 2423 in
1941 2352 2193 2425 urbem
2224 2351 2325 2425 est

367 2467 730 2543 inductus:
785 2474 880 2557 ὅτ,
915 2469 1066 2543 aliis
1093 2468 1213 2544 sua
1244 2470 1601 2544 voluntate
1630 2469 2138 2568 adfluentibuS,
2174 2496 2322 2545 rne-

364 2610 444 2661 tu
479 2589 703 2663 coacti
735 2590 977 2676 etiam,
1029 2588 1156 2686 qui
1193 2588 1709 2677 dissentiebant,
1760 2592 1849 2663 ad
1879 2616 2117 2689 regem
2152 2617 2321 2665 con-

361 2730 728 2784 venerunt.
825 2716 1030 2811 Qos
1075 2708 1354 2807 placida
1398 2710 1710 2785 oratione
1768 2710 2040 2784 territos
2090 2735 2323 2807 quum

365 2831 848 2925 permunisset,
893 2832 984 2903 ad
1018 2824 1210 2926 spem
1243 2830 1569 2927 vulgatae
1604 2828 2015 2907 clementiae
2051 2829 2325 2927 aliquot

363 2948 614 3046 populi
660 2948 1092 3022 Acarnaniae
1147 2946 1581 3023 defecerunt.
1682 2947 2038 3046 Thyrium
2080 2976 2121 3021 a
2157 2952 2323 3023 Me-

363 3068 580 3143 dione
611 3066 964 3167 profectus
995 3070 1120 3156 est,
1175 3069 1621 3145 Mnesilocho
1665 3070 1919 3141 eodem
1970 3072 2036 3141 &
2078 3068 2323 3168 legatis

311 3208 316 3213 “
361 3188 760 3285 praemiffis.
860 3190 1196 3262 Ceterum
1229 3188 1504 3261 detecta
1551 3187 1903 3262 Medione
1938 3186 2122 3261 fraus
2156 3214 2322 3263 cau·

361 3306 594 3394 tioreS,
657 3334 802 3381 non
855 3300 1290 3396 timidioreS,⁶
1325 3306 1745 3405 Thyrienses
1790 3304 1986 3394 fecit,
2035 3308 2203 3381 dato
2256 3306 2323 3381 ei

361 3429 554 3502 haud
589 3429 926 3524 perplexo
953 3425 1297 3524 responso,
1351 3427 1619 3500 nullam
1648 3425 1713 3499 se
1746 3452 2001 3500 novam
2037 3425 2323 3501 societa-

363 3568 536 3636 tem,
607 3546 730 3621 nifi
781 3573 872 3620 ex
928 3546 1336 3620 auctoritate
1391 3549 1889 3620 Romanorum
1948 3544 2323 3644 imperato-

361 3694 550 3755 rum,
621 3688 1053 3763 accepturos,
1121 3664 1476 3763 portisque
1541 3666 1811 3754 claufis,
1888 3688 2184 3740 armatos
2246 3667 2321 3741 in

363 3786 585 3861 muris
637 3784 1146 3884 disposuerunt.
1249 3786 1347 3858 Et
1379 3806 1904 3882 peropportune
1938 3786 2031 3858 ad
2065 3789 2320 3860 confir-

363 3908 662 3983 mandos
709 3910 1165 3980 Acarnanum
1210 3902 1484 3977 animos
1535 3907 1671 3978 Cn.
1708 3904 2045 3979 Ostavius
2078 3904 2321 3980 missus

361 4054 404 4101 a
511 4025 812 4113 uinctio,
865 4050 1096 4121 quum
1131 4021 1548 4119 praesidium
1585 4028 1650 4095 &
1686 4050 1941 4120 paucas
1980 4051 2187 4099 naves
2228 4029 2320 4099 ab

365 4150 459 4221 A.
509 4144 904 4233 Postumio,
969 4142 1098 4241 qui
1150 4146 1240 4217 ab
1291 4140 1518 4217 Atilio
1571 4144 1803 4241 legato
1854 4142 2319 4243 Cephaleniae
