3100 5359
781 743 924 794 220
1451 718 2093 792 T.L1v11

775 889 1161 992 profectuS,
1215 889 1335 965 die
1395 892 1647 965 oc'tavo
1701 895 2101 991 Apameam
2154 890 2372 967 venit.
2473 891 2587 967 Ibi
2632 889 2759 966 tr'i-

777 1013 1012 1087 duum
1061 1010 1322 1086 stativis
1375 1011 1664 1102 habitis,
1723 1011 1947 1087 tertiis
2008 1011 2241 1088 rursus
2298 1017 2391 1088 ab
2428 1017 2755 1111 Apamea

777 1132 1010 1209 castris
1031 1132 1107 1207 in
1135 1131 1663 1231 Pamphyliam,
1686 1157 1839 1230 quo
1861 1133 2247 1232 pecuniam
2274 1133 2753 1208 frumentum-

777 1279 922 1356 que
956 1252 1186 1354 regios
1213 1254 1945 1350 convehere‘jufferat,
1978 1255 2325 1352 pervenit.
2392 1237 2397 1244 ¹
2428 1253 2642 1328 Mille
2677 1253 2755 1326 &

775 1375 1174 1476 quingenta
1221 1375 1482 1448 talenta
1532 1373 1806 1474 argenti
1860 1396 2151 1474 accepta
2194 1381 2591 1474 Apameam
2625 1377 2753 1450 de-

773 1515 1167 1597 portantur.
1245 1497 1725 1570 Frumentum
1754 1495 2097 1571 exercitui
2126 1495 2497 1571 dividitur.
2570 1499 2752 1576 Inde

773 1618 868 1692 ad
896 1619 1196 1716 Pergam
1223 1613 1471 1690 ducit:
1531 1641 1717 1714 quae
1739 1641 1884 1689 una
1918 1615 1992 1690 in
2019 1615 2102 1690 iis
2123 1616 2297 1691 locis
2324 1617 2520 1716 regio
2550 1638 2747 1692 tene-

771 1741 982 1816 batur
1011 1735 1374 1837 praefidiO.
1461 1734 2097 1835 Adpropinquanti
2125 1735 2517 1836 praefectus
2552 1763 2749 1837 prae-

772 1858 932 1934 fidii
975 1856 1234 1934 obvius
1287 1855 1452 1944 fuit,
1511 1855 1803 1956 triginta
1834 1855 2116 1932 dierum
2155 1879 2439 1957 tempus
2471 1877 2747 1956 petenS,

771 1997 856 2055 ut
883 2005 1123 2079 regem
1158 1978 1612 2054 Antiochum
1635 1978 1725 2052 de
1746 1981 1924 2053 urbe
1952 1979 2296 2053 tradenda
2330 1977 2746 2054 consuleret.

773 2103 968 2178 Dato
1017 2121 1366 2199 tempore,
1409 2101 1502 2172 ad
1547 2124 1705 2172 eam
1758 2097 1957 2173 diem
1997 2099 2339 2197 praefidio
2374 2099 2741 2174 decefl'um

767 2221 890 2296 est.
963 2226 1034 2296 A
1059 2219 1306 2320 Perga,
1331 2221 1424 2294 L.
1461 2217 1747 2294 Manlio
1760 2218 1967 2294 fratre
2002 2245 2172 2294 cum
2190 2242 2496 2319 quatuor
2520 2219 2737 2294 milli-

767 2345 906 2418 bus
927 2340 1244 2416 militum
1269 2341 1631 2426 Oroanda,
1654 2340 1747 2414 ad
1768 2339 2125 2436 reliquum
2148 2339 2494 2439 pecuniae
2515 2367 2605 2414 ex
2626 2367 2742 2429 e0,

765 2464 968 2562 quod
1002 2461 1440 2562 pepigerant,
1493 2459 1965 2559 exigendum,
2026 2459 2261 2549 miffo,
2330 2459 2501 2558 ipse,
2566 2461 2739 2560 quia

765 2587 1176 2658 Eumenem
1247 2607 1486 2681 regem
1551 2586 1619 2655 &
1688 2582 1943 2657 decem
2008 2583 2276 2682 legatos
2340 2585 2429 2657 ab
2498 2584 2741 2656 Roma

766 2700 1136 2803 Ephesum
1191 2700 1452 2776 veniffe
1505 2700 1849 2790 audierat,
1886 2703 2081 2798 juffis
2141 2703 2339 2802 sequi
2390 2700 2737 2776 Antiochi

764 2823 1039 2925 legatis,
1100 2828 1498 2920 Apameam
1530 2821 1929 2897 exercitum
1954 2823 2261 2898 reduxit.

862 2944 1290 3020 XXXVIII.
1392 2943 1504 3018 Ibi
1551 2969 1643 3017 ex
1676 2944 1931 3017 decem
1965 2945 2361 3042 legatorum
2398 2942 2737 3018 sententia

763 3065 1020 3142 foedus
1051 3064 1130 3138 in
1161 3067 1335 3138 haec
1367 3065 1584 3139 verba
1612 3061 1753 3138 fere
1782 3087 1955 3138 cum
1984 3063 2353 3139 Antiocho
2380 3063 2731 3164 conscrip-

759 3210 920 3262 tum
953 3185 1074 3261 est.
1175 3195 1227 3230 ‘⁸
1267 3183 1613 3259 Amicitia
1654 3181 1806 3283 regi
1854 3183 2224 3260 Antiocho
2258 3210 2431 3259 cum
2462 3186 2732 3283 populo

761 3319 814 3354 “
851 3310 1190 3383 Romano
1215 3305 1325 3380 his
1357 3305 1639 3406 legibus
1664 3309 1733 3379 &
1765 3304 2307 3381 conditionibus
2340 3305 2510 3380 esto.
2613 3309 2730 3380 Ne

763 3438 815 3475 “
852 3453 1073 3527 quem
1103 3425 1523 3515 exereitum,
1581 3425 1711 3526 qui
1747 3451 1918 3502 cum
1953 3427 2225 3525 populo
2255 3428 2594 3501 Romano
2628 3425 2731 3501 so-

761 3561 813 3594 “
851 3545 1064 3624 ciisve
1099 3548 1371 3623 bellum
1415 3546 1734 3646 gesturus
1797 3547 1955 3634 erit,
2008 3571 2129 3621 rex
2150 3573 2276 3646 per
2308 3549 2485 3621 fines
2516 3547 2719 3646 regni

759 3680 812 3714 “
846 3667 982 3757 sui,
1011 3691 1376 3756 eorumve,
1413 3666 1544 3765 qui
1578 3666 1709 3742 sub
1744 3666 2017 3742 ditione
2052 3669 2199 3764 ejus
2235 3688 2466 3756 erunt,
2505 3665 2719 3742 trans-

761 3801 812 3836 “
849 3789 950 3865 ire
977 3786 1222 3863 finito:
1295 3811 1437 3864 neu
1465 3809 1898 3876 commeatu,
1935 3813 2076 3862 neu
2113 3813 2259 3888 qua
2289 3789 2425 3864 alia
2452 3815 2591 3888 ope
2608 3790 2725 3885 ju-

757 3922 809 3958 “
843 3929 1032 3986 vato.
1132 3911 1336 3984 Idem
1370 3906 1687 3985 Romani
1722 3906 2042 4008 sociique
2070 3909 2465 3998 Antioch0‚
2498 3911 2575 3982 δε
2610 3909 2722 3999 iis,

758 4043 808 4078 ‘⁶
843 4030 977 4131 qui
996 4029 1127 4106 sub
1161 4029 1462 4130 imperio
1481 4032 1629 4127 ejus
1662 4050 1897 4119 erunt,
1930 4029 2298 4129 praestent.
2400 4029 2577 4106 Belli
2600 4057 2720 4130 ge-

755 4164 806 4200 “
841 4151 1045 4231 rendi
1067 4152 1190 4249 jus
1222 4150 1591 4227 Antiocho
1616 4176 1707 4225 ne
1736 4151 1885 4226 esto
1924 4177 2095 4228 curn
2130 4151 2243 4244 iis,
2286 4152 2417 4252 qui
2462 4151 2720 4228 insulas
