3100 5359
1032 718 1774 799 LunnxL.
2243 743 2388 820 ,371

409 907 465 947 ⁶⁶
500 894 553 969 fi
600 914 681 969 tu
718 920 863 972 non
896 897 1089 986 effes,
1142 916 1331 971 certa
1362 914 1533 983 erat,
1585 892 1886 970 dubiam
1921 895 1990 967 ὅτ
2023 888 2391 969 sollicitam

412 1026 467 1068 “
502 1016 725 1092 facis?
849 1016 1060 1091 Haec
1127 1014 1331 1089 sentit
1388 1012 1702 1103 Perseus,
1779 1015 1898 1089 etfi
1956 1040 2102 1087 non
2165 1013 2386 1089 dicit:

406 1144 467 1183 ‘⁶
502 1140 679 1213 haec
730 1134 945 1210 istum
997 1134 1408 1224 inimicum,
1458 1138 1634 1209 haec
1693 1130 2166 1209 accusatorem
2214 1132 2388 1209 faci-

410 1266 465 1307 “
498 1278 669 1332 unt:
723 1257 898 1331 haec
918 1255 1249 1344 domum,
1300 1258 1475 1329 haec
1498 1280 1804 1354 regnum
1831 1274 2041 1327 tuum
2073 1253 2389 1329 crimini-

400 1386 463 1421 “
499 1379 637 1453 bus
658 1380 726 1451 δι
747 1374 1263 1475 suspicionibus
1284 1376 1578 1475 replent.
1681 1376 1845 1472 Ego
1879 1394 2145 1461 autem,
2171 1394 2388 1471 pater,

410 1506 465 1540 “
502 1496 1125 1595 quemadmodum
1169 1520 1300 1569 nec
1346 1519 1541 1569 nunc
1576 1492 1842 1591 sperare
1875 1519 2205 1592 regnum,
2257 1516 2393 1569 nec

409 1625 465 1660 ‘⁴
495 1613 853 1715 ambigere
898 1640 1247 1715 umquam
1282 1615 1372 1688 de
1405 1640 1493 1689 eo
1517 1610 1793 1689 forsitan
1829 1616 2156 1703 debeam,
2219 1614 2393 1713 quia

410 1745 464 1780 “
498 1733 738 1819 minor
789 1734 974 1824 sum,
1024 1734 1196 1833 quia
1242 1754 1320 1809 tu
1368 1759 1487 1810 me
1532 1733 1780 1831 majori
1809 1736 2056 1809 cedere
2095 1734 2247 1822 vis;
2300 1737 2392 1809 fic

410 1864 465 1904 “
502 1854 689 1929 illud
730 1881 861 1930 nec
896 1853 1121 1929 debui
1156 1852 1409 1943 facere,
1460 1880 1596 1929 nec
1629 1854 1888 1942 debe0,
1937 1874 2023 1927 ut
2051 1852 2394 1953 indignus

409 1986 466 2027 “
504 1998 575 2053 te
600 1996 822 2075 patre,
848 1972 1191 2075 indignus
1217 1971 1554 2048 omnibus
1573 1973 1832 2048 videar.
1874 1973 1962 2047 Id
1982 1972 2177 2047 enim
2202 1972 2395 2048 vitiis

410 2106 465 2141 ‘⁶
500 2095 707 2186 meis,
760 2120 907 2169 non
941 2094 1293 2183 cedend0,
1346 2092 1597 2188 cuijus
1617 2091 1856 2192 fasque
1879 2092 2004 2181 est,
2055 2119 2202 2167 non
2235 2118 2391 2167 mo-

332 2294 345 2305 ,
410 2226 465 2261 “
505 2215 749 2303 destia‚
776 2212 1187 2313 consequar.
1286 2214 1657 2287 Romanos
1677 2210 1930 2310 objicis
1950 2212 2159 2302 mihi,
2187 2212 2391 2302 &ea,

411 2346 464 2389 -“
500 2361 687 2435 quae
706 2332 967 2434 gloriae
1004 2334 1137 2407 effe
1164 2332 1455 2421 debent,
1491 2331 1570 2407 in
1603 2330 1872 2407 crimen
1898 2333 2132 2408 vertis.
2204 2336 2392 2433 Ege,

408 2466 463 2509 “
495 2481 635 2533 nec
667 2453 865 2530 obses
920 2452 1273 2527 Romanis
1323 2471 1404 2526 ut
1435 2454 1766 2541 traderer,
1818 2478 1949 2528 nec
2005 2474 2090 2528 ut
2123 2455 2395 2553 legatus

411 2586 463 2625 “
496 2575 814 2651 mitterer
858 2574 1203 2661 Romam,
1274 2570 1471 2670 petii.
1575 2578 1650 2647 A
1701 2594 1771 2647 te
1820 2572 2062 2648 miffus
2103 2572 2202 2648 ire
2245 2598 2395 2648 non

406 2707 465 2745 ⁴‘
504 2693 837 2781 recusavi,
937 2694 1271 2791 Utroque
1301 2714 1618 2791 tempore
1645 2690 1743 2766 ita
1765 2718 1884 2767 me
1911 2696 2101 2793 goffi,
2138 2720 2227 2769 ne
2261 2692 2395 2769 tibi

406 2826 469 2864 ³⁴
502 2814 793 2915 pudori,
844 2837 935 2889 ne
994 2838 1215 2912 regno
1276 2834 1433 2900 tuo,
1484 2838 1576 2886 ne
1641 2812 1840 2913 genti
1895 2814 2396 2888 Macedonum

408 2946 467 2983 “
505 2936 737 3012 effem.
856 2935 1109 3031 Itaque
1161 2929 1343 3007 mihi
1396 2958 1572 3007 cum
1628 2932 1983 3007 Romanis
2041 2932 2397 3007 amicitiae

415 3064 467 3101 ‘⁴
506 3056 733 3129 cauffa
783 3074 862 3128 tu
916 3050 1140 3140 fuisti,
1189 3071 1406 3150 pater.
1507 3054 1773 3153 Qoad
1815 3073 2056 3127 tecum
2091 3050 2228 3126 illis
2253 3076 2396 3150 pax

409 3184 466 3227 ⁴‘
502 3172 847 3261 manebit,
897 3198 1190 3247 mecum
1248 3197 1547 3271 quoque
1609 3171 1836 3273 gratia
1891 3170 2058 3247 erit:
2127 3170 2182 3243 fi
2243 3173 2396 3247 bel-

416 3304 470 3339 “
503 3296 659 3368 lum
688 3294 818 3369 effe
849 3294 1186 3390 coeperit,
1238 3289 1367 3391 qui
1396 3291 1622 3381 obses,
1657 3291 1786 3391 qui
1820 3293 2092 3391 legatus
2124 3317 2254 3391 pro
2272 3317 2393 3390 pa-

414 3426 465 3460 “
502 3436 605 3489 tre
650 3440 801 3489 non
852 3411 1127 3489 inutilis
1169 3410 1304 3501 fui,
1358 3410 1556 3486 idem
1589 3410 1805 3485 hostis
1836 3410 1974 3485 illis
2016 3410 2396 3487 acerrimus

414 3546 465 3581 “
500 3561 645 3611 ero.
747 3536 909 3610 Nec
937 3530 1183 3621 hodie,
1214 3552 1299 3607 ut
1326 3535 1535 3631 profit
1566 3530 1748 3607 mihi
1781 3528 2004 3633 gratia
2023 3532 2394 3606 Romano-

410 3667 462 3703 “
488 3683 681 3744 rum,
730 3654 1059 3753 postu103
1110 3679 1201 3727 ne
1230 3654 1431 3741 obfit,
1461 3672 1740 3727 tantum
1774 3652 2132 3749 deprecor.
2231 3654 2396 3727 Nee

416 3788 467 3822 “
505 3774 585 3850 in
619 3777 811 3852 bello
843 3772 1107 3873 coepit,
1160 3798 1292 3847 nec
1325 3772 1419 3846 ad
1452 3772 1725 3847 bellum
1761 3768 2160 3846 reservatur.
2260 3774 2393 3845 Pa-

414 3907 467 3942 “
504 3894 607 3974 cis
652 3893 917 3996 pignus
972 3892 1109 3983 fui,
1158 3892 1254 3968 ad
1311 3916 1564 3991 pacem
1623 3888 2065 3965 retinendam
2124 3891 2396 3990 legatus
2453 3868 2464 3881 ⁶

415 4029 469 4074 θ’
504 4016 753 4093 miffus
800 4014 985 4093 sum.
1084 4016 1365 4090 Neutra
1402 4037 1507 4086 res
1540 4008 1722 4085 mihi
1759 4036 1888 4085 nec
1915 4008 2204 4111 gloriae,
2255 4035 2390 4087 nec

414 4147 467 4199 <⁴
504 4134 793 4213 crimini
836 4138 943 4213 fit.
1042 4136 1235 4236 Ego,
1287 4136 1335 4209 fi
1370 4130 1556 4233 quid
1589 4129 1784 4233 inpie
1812 4130 1888 4207 in
1923 4152 2024 4227 te,
2068 4150 2288 4231 pater,
2339 4136 2388 4207 fi
