3100 5359
881 739 956 814 L
1006 763 1038 812 1
1091 763 1138 820 Β
1196 761 1242 812 z
1293 761 1345 812 n
1447 737 1812 820 XXXIX.
2238 761 2381 836 293

391 911 614 1000 mins,
668 909 1200 1010 quaestionibus
1277 935 1449 989 cum
1511 910 1792 988 summa
1852 909 1997 985 fide
2066 933 2380 1007 curaque

397 1031 753 1132 perfectis,
822 1030 1114 1116 comitia
1159 1031 1436 1114 habuit.
1537 1029 1775 1106 Creati
1841 1028 2003 1106 sunt
2060 1028 2379 1108 consules

403 1158 550 1252 Ap.
585 1151 934 1234 Claudius
980 1153 1314 1240 Pulcher,
1377 1153 1494 1228 M.
1560 1149 2019 1250 Sempronius
2072 1148 2381 1226 Tudita-

400 1299 561 1354 nus.
657 1273 948 1351 Postero
973 1270 1094 1348 die
1129 1293 1477 1370 praetores
1513 1269 1681 1349 faeti
1714 1274 1796 1349 P.
1830 1269 2209 1346 Cornelius
2242 1272 2381 1346 Ce-

401 1395 686 1493 thegus,
757 1393 847 1468 A.
885 1391 1292 1474 Postumius
1329 1390 1668 1479 Albinus,
1708 1393 1795 1467 C.
1832 1389 2174 1468 Afranius
2206 1392 2381 1468 Stel-

401 1511 532 1601 lio,
567 1514 654 1594 C.
685 1511 954 1591 Atilius
973 1515 1331 1600 serranus,
1361 1514 1454 1588 L.
1479 1510 1889 1588 Postumius
1908 1512 1981 1585 T
1982 1511 2381 1610 empsanuS,

401 1634 524 1716 M.
551 1630 897 1716 claudius
923 1630 1410 1714 Marcellinus.
1465 1634 1811 1706 Extremo
1839 1630 2034 1720 anni,
2058 1632 2229 1732 quia
2260 1635 2380 1731 Sp.

405 1754 813 1838 Postumius
867 1753 1114 1834 consul
1157 1752 1717 1843 renunciaverat,
1780 1775 2267 1854 peragrantem
2312 1751 2381 1828 se

407 1897 692 1976 propter
725 1874 1168 1972 quaestiones
1212 1897 1603 1974 utrumque
1656 1872 1825 1950 litus
1870 1875 2109 1950 Italiae
2152 1870 2379 1948 deser-

405 2019 508 2072 tas
543 1996 882 2084 colonias,
935 1995 1320 2093 Sipontum
1355 1994 1633 2093 supere,
1688 1999 2099 2072 Buxentum
2152 1991 2381 2070 infero

403 2113 610 2204 mari,
677 2114 1051 2201 inveniffe3
1105 2113 1457 2192 triumviri
1505 2117 1597 2190 ad
1630 2117 1923 2192 colonos
1956 2142 2043 2190 eo
2076 2111 2380 2190 scriben-

405 2238 538 2319 dos
569 2262 662 2312 ex
694 2235 1290 2314 senatusconsulto
1323 2239 1414 2312 ab
1449 2240 1546 2312 T.
1579 2235 1881 2312 Maenio
1914 2255 2229 2334 praetore
2262 2257 2381 2308 ur.-

403 2359 596 2442 bano
615 2355 830 2434 creati
855 2357 1045 2444 sunt,
1072 2359 1166 2434 L.
1193 2353 1607 2434 Scribonius
1641 2355 1857 2444 Libo,
1886 2357 2003 2430 M.
2029 2352 2379 2444 Tuccius,

400 2479 546 2552 Cn.
609 2475 910 2551 Baebius
973 2475 1427 2576 Tamphilus.
1527 2479 1724 2554 Cum
1776 2475 2030 2552 Perseo
2086 2500 2251 2574 rege
2308 2478 2378 2550 ὅτ

405 2595 941 2676 Macedonibus
975 2599 1276 2686 bellum,
1317 2598 1520 2694 quod
1551 2595 1976 2684 inminebat,
2008 2621 2157 2672 non
2186 2598 2378 2671 unde

404 2717 726 2816 plerique
766 2715 1172 2815 opinantur,
1223 2743 1356 2792 nec
1387 2717 1480 2792 ab
1513 2713 1665 2814 ipso
1694 2709 1946 2792 Perseo
1978 2719 2237 2792 cauffas
2267 2743 2381 2792 ce-

407 2837 540 2936 pit.
641 2839 980 2920 Inchoata
1008 2834 1215 2913 initia
1244 2861 1288 2910 a
1317 2833 1654 2933 Philippo
1684 2834 1879 2910 sunt:
1934 2840 2003 2910 &
2038 2836 2097 2916 is
2125 2835 2296 2936 ipse,
2334 2839 2383 2912 fi

401 2955 681 3034 diutius
701 2955 1004 3044 vixisset,
1033 2954 1112 3032 id
1138 2955 1408 3032 bellurn
1433 2957 1744 3053 geffifl‘et.
1845 2957 2019 3031 Una
2042 2981 2213 3032 eum
2247 2981 2381 3046 res,

405 3103 642 3177 quum
675 3075 868 3154 vieto
900 3077 1090 3175 leges
1117 3075 1651 3173 inponet-entur,
1686 3073 2001 3152 maxime
2030 3079 2380 3176 angebat,

405 3198 640 3294 quod,
688 3194 822 3296 qui
859 3195 1356 3272 Macedonum
1391 3197 1483 3272 ab
1518 3193 1586 3270 st
1616 3193 2021 3273 defecerant
2050 3193 2129 3269 in
2162 3198 2380 3286 bello,

403 3315 482 3394 in
515 3343 640 3392 eos
667 3317 792 3414 jus
837 3314 1190 3394 saeviendi
1241 3313 1612 3392 ademtnrn
1666 3314 1733 3395 ei
1776 3317 1869 3390 ab
1918 3313 2156 3390 senatu
2194 3335 2380 3391 erate

403 3461 668 3535 quum,
732 3435 904 3536 quia
943 3463 1094 3514 rem
1133 3433 1478 3534 integram
1507 3433 1899 3534 Qinfflus
1926 3434 2003 3510 in
2030 3433 2386 3512 conditio-

405 3555 622 3634 nibus
669 3556 864 3655 pacis
911 3557 1296 3644 distulerat,
1358 3582 1504 3630 non
1564 3555 1973 3655 desperaffet
2023 3555 2383 3656 impetrari

410 3673 626 3774 poffe.
727 3675 1095 3754 Antiocho
1147 3701 1312 3775 tege
1365 3673 1632 3752 deinde
1690 3676 1881 3752 bello
1939 3674 2261 3775 superato
2290 3677 2385 3752 ad

406 3797 951 3894 Thermopylas,
1012 3795 1244 3874 divifis
1275 3795 1619 3894 partibus,
1654 3821 1887 3894 quum
1924 3821 2051 3895 pet
2100 3795 2387 3875 eosdem

405 3915 562 4000 dies
581 3914 825 3992 consul
857 3915 1138 3992 Acilius
1167 3917 1626 4005 Heracleam,
1648 3914 2025 4015 Philippus
2052 3917 2386 3993 Lamiam

405 4037 878 4136 obpugnafl‘et
899 4069 923 4124 ς
977 4057 1183 4135 capta
1215 4037 1597 4125 Heraclea,
1650 4035 1829 4134 quia
1872 4037 2099 4133 juffus
2146 4037 2385 4112 absce-

407 4155 580 4233 dete
613 4181 658 4232 a
689 4155 1067 4234 moenibus
1100 4155 1404 4234 Lamiae
1427 4177 1605 4248 emt,
1654 4155 2149 4257 Romanisque
2182 4158 2386 4258 oppi..
