3100 5359
837 694 920 768 L
973 719 1002 768 1
1065 720 1106 770 Β
1164 719 1209 770 Β.
1265 719 1312 770 R
1415 696 1841 772 XXXVIII.
2214 729 2347 802 199

378 867 611 968 primo
637 867 998 966 optimum
1031 867 1220 944 factu
1251 867 1510 960 fuifl‘et,
1562 869 1639 946 in
1674 870 1757 948 id
1782 873 2171 947 necestitate
2197 871 2345 970 ipsa

379 989 746 1086 eompulfi.
842 988 1165 1064 Subfidia
1213 987 1408 1064 enim
1443 989 1520 1064 in
1550 990 1809 1066 talibus
1842 990 2339 1088 iniquitatibus

377 1109 700 1182 locorum
756 1107 1074 1184 maximo
1125 1107 1323 1207 saepe
1351 1109 1511 1186 usui
1543 1109 1878 1187 fuerunt:
1932 1132 2041 1200 ut,
2091 1110 2339 1212 primis

377 1226 557 1303 forte
607 1227 1024 1319 deturbatis,
1077 1227 1371 1304 secundi
1418 1233 1487 1303 &
1539 1250 1781 1330 tegant
1812 1230 2073 1331 puls05,
2126 1235 2194 1305 &
2231 1231 2337 1305 in-

381 1347 560 1449 tegri
617 1374 936 1450 pugnam
996 1348 1379 1448 excipiant.
1479 1349 1773 1438 Consul,
1824 1351 2201 1451 postquam
2246 1353 2337 1426 ad

375 1469 724 1558 tumulos,
775 1471 868 1546 ab
897 1467 1038 1545 levi
1071 1489 1422 1544 armatura
1453 1491 1720 1570 captOS,
1753 1471 1985 1569 prima
2014 1474 2203 1571 figna
2240 1473 2337 1546 le-

374 1587 682 1688 gionum
746 1609 1239 1688 pervenerunt,
1315 1589 1641 1689 respirare
1709 1595 1778 1666 &
1846 1591 2337 1689 conquiescere

370 1707 748 1808 paullisper
778 1709 1080 1788 militem
1099 1711 1312 1807 jubet
1329 1743 1356 1800 3
1409 1713 1611 1786 fimul
1644 1709 1847 1786 strata
1862 1737 1986 1810 per
2020 1713 2337 1787 tumulos

371 1851 670 1928 corpora
695 1831 1068 1906 Gallorum
1101 1829 1398 1906 ostentat
1425 1862 1442 1905 ι
1501 1833 1624 1920 Et,
1678 1841 1729 1876 ‘⁴
1765 1857 1997 1930 quum
2032 1831 2203 1908 levis
2234 1858 2339 1908 ar-

373 1958 423 1993 “
463 1969 739 2026 matura
769 1952 904 2026 tale
929 1949 1282 2050 proelium
1311 1950 1641 2040 ediderit,
1694 1951 1875 2051 quid
1909 1955 2001 2026 ab
2032 1950 2334 2052 legioni-

367 2079 422 2118 “
455 2071 622 2158 bus,
657 2069 837 2169 quid
865 2072 957 2145 ab
975 2069 1182 2166 justis
1215 2069 1450 2158 armiS,
1483 2071 1665 2169 quid
1699 2075 1790 2146 ab
1819 2070 2074 2146 animis
2102 2069 2330 2146 fortis-

367 2199 421 2234 “
457 2191 794 2266 fimorum
828 2189 1142 2264 militum
1169 2189 1603 2287 exspectari?
1704 2191 1939 2268 Castra
1973 2190 2110 2266 illis
2143 2191 2335 2292 capi-

368 2318 421 2354 “
455 2311 647 2384 enda
689 2311 849 2398 effe,
901 2308 978 2385 in
1011 2333 1192 2408 quae
1240 2308 1650 2406 compulsus
1682 2313 1774 2386 ab
1803 2309 1942 2386 levi
1984 2333 2335 2388 armatura

367 2438 420 2474 “
455 2427 676 2504 hostis
700 2428 1075 2528 trepidet.''
1171 2430 1594 2505 Praecedere
1622 2449 1857 2506 tamen
1864 2433 2077 2529 jubet
2101 2434 2331 2508 levem

362 2569 831 2626 maturam:
868 2571 1078 2648 quae,
1108 2573 1341 2646 quum
1371 2547 1572 2625 staret
1598 2575 1884 2650 agmen,
1910 2551 2332 2652 colligendis

359 2695 490 2769 per
515 2669 834 2743 tumulos
852 2667 1035 2757 telis,
1063 2689 1147 2743 ut
1171 2667 1448 2744 miffilia
1471 2667 1544 2745 su
1554 2671 1917 2760 bficerent‚
1951 2673 2149 2748 haud
2183 2672 2331 2774 seg-

360 2815 454 2866 ne
519 2787 598 2863 id
657 2785 888 2888 ipsum
939 2807 1223 2887 tempus
1273 2785 1763 2864 consumserat.
1862 2792 2029 2887 Jarn
2089 2791 2327 2868 castris

359 2907 1077 3007 adpropinquabant:
1155 2910 1226 2982 sc
1259 2905 1478 2996 Galli,
1527 2934 1619 2983 ne
1664 2934 1917 3008 parurn
1962 2909 2030 2987 se
2088 2911 2328 2988 muni-

359 3050 608 3106 menta
663 3026 784 3104 sua
803 3048 1142 3128 tegerent,
1195 3026 1442 3104 armati
1483 3052 1617 3126 pro
1639 3029 1827 3104 vallo
1853 3030 2325 3107 constiterant.

356 3146 628 3226 Obruti
661 3145 940 3224 deinde·
956 3143 1158 3222 omni
1192 3171 1448 3246 genere
1483 3149 1813 3237 telorum,
1847 3174 2108 3248 quum,
2167 3178 2319 3251 quo

349 3269 592 3370 plures
621 3293 704 3344 ac
729 3269 1073 3344 denfiores
1098 3286 1320 3355 erant,
1353 3292 1442 3342 eo
1467 3264 1705 3346 minus
1729 3265 1893 3344 vani
1916 3269 2327 3370 quidquam

353 3386 810 3465 intercideret
850 3385 999 3476 teli,
1049 3385 1233 3462 intra
1275 3386 1543 3462 vallum
1588 3409 1956 3464 momento
1989 3391 2325 3490 temporis

349 3499 911 3608 compelluntur,
971 3505 1389 3582 stationibus
1421 3525 1700 3582 tanturn
1735 3505 1957 3583 firmis
1995 3510 2089 3584 ad
2136 3509 2323 3608 ipsos

349 3629 594 3706 aditus
618 3647 982 3727 portarum
1014 3625 1297 3702 relistis.
1393 3627 1482 3702 In
1513 3625 2084 3718 multitudinem,
2125 3655 2323 3706 com-

347 3747 630 3856 pulsam
671 3746 750 3822 in
803 3746 1046 3835 castra,
1101 3745 1212 3822 vis
1269 3744 1522 3846 ingens
1588 3746 1950 3824 rniffilium
2014 3750 2321 3824 telorum

349 3867 905 3966 conjiciebatur:
957 3867 1062 3954 &,
1119 3863 1470 3940 vulnerari
1504 3867 1793 3956 multos,
1840 3869 2130 3958 clamor,
2164 3894 2319 3967 per-

343 3979 624 4069 mixtus
657 3985 1043 4064 mulierum
1067 4005 1282 4084 atque
1307 4009 1697 4082 puerorum
1721 3985 2140 4085 ploratibuS,
2190 3990 2318 4088 fig-

347 4102 708 4186 nificabat.
805 4109 893 4183 In
957 4131 1104 4196 eos,
1182 4104 1313 4203 qui
1363 4124 1601 4204 portas
1683 4103 2104 4184 stationibus
2184 4103 2321 4184 suis

1277 4247 1446 4349 05
