3100 5359
741 643 882 719 262
1419 668 1889 734 tertona,
1940 648 2077 720 ὅτε.

748 819 939 931 lippo
977 821 1240 916 Poeno,
1291 849 1495 932 quem
1530 821 1854 916 amabat,
1861 825 2114 930 scorto
2135 817 2378 916 nobili,
2416 821 2715 901 Gallum

751 951 1117 1064 quemdam
1135 953 1296 1057 sua
1345 979 1565 1032 manu
1598 952 1955 1034 occiderat
1978 981 2007 1037 .·
2034 953 2238 1056 five,
2308 969 2395 1033 ut
2430 951 2716 1064 quidam

749 1083 1241 1181 tradiderunt,
1257 1113 1476 1166 unum
1501 1116 1591 1167 ex
1617 1085 1977 1166 damnatis
1972 1085 2237 1195 securi
2243 1083 2715 1195 percufferat,

753 1235 1055 1327 rogatus
1093 1247 1144 1298 a
1175 1217 1548 1299 meretrice
1576 1215 2041 1313 Placentina,
2082 1218 2288 1322 cujus
2319 1246 2556 1298 amore
2590 1215 2713 1296 de-

746 1347 1068 1459 peribat.
1185 1351 1458 1460 Eofstat
1520 1349 1600 1430 in
1658 1379 1817 1431 eum
1876 1354 2005 1432 M.
2088 1349 2384 1431 Catonis
2456 1347 2711 1430 oratio.

761 1481 1000 1592 Scipio
1036 1480 1346 1564 Literni
1373 1480 1671 1589 deceffit.
1784 1486 1923 1578 Et,
1976 1499 2345 1592 tamquam
2354 1481 2715 1589 jungente

721 1613 1058 1720 fortuna
1081 1615 1279 1696 circa
1305 1612 1484 1695 idem
1510 1632 1780 1726 tempus
1802 1613 1937 1694 duo
1930 1617 2231 1719 funera
2258 1612 2719 1696 maximorum

763 1746 1124 1840 virorum,
1183 1745 1594 1841 Hannibal,
1655 1777 1705 1828 a
1754 1749 2023 1852 Prufia
2085 1745 2485 1854 Bithyniae
2531 1775 2717 1855 rege,

763 1879 872 1960 ad
893 1907 1126 1988 quem,
1159 1881 1358 1962 vibio
1385 1879 1776 1974 Antiocho,
1802 1881 2254 1987 confugerat,
2284 1907 2502 1988 quum
2524 1876 2715 1958 dede-

764 2029 981 2092 retur
1057 2011 1421 2106 Romanis,
1487 2011 1625 2123 qui
1673 2008 1782 2091 ad
1823 2009 2317 2121 expfflendum
2362 2001 2565 2091 illum
2628 2005 2715 2094 T.

763 2141 1186 2252 Qinclium
1259 2143 1755 2226 Flamininum
1826 2143 2192 2252 miserant,
2268 2171 2536 2224 veneno
2574 2142 2727 2249 fibi

767 2294 1062 2359 mortem
1135 2275 1504 2388 conscivit.
1656 2275 2144 2388 Philopoemen
2208 2304 2507 2386 quoque,
2582 2274 2723 2356 dux

773 2409 1262 2506 Achaeorum,
1313 2409 1443 2491 vir
1479 2409 1859 2502 maximus,
1898 2434 1946 2486 a
1985 2405 2349 2516 Meffiniis
2384 2409 2721 2488 interem-

772 2559 896 2624 tus
921 2569 1215 2635 veneno,
1246 2569 1462 2650 quum
1495 2539 1592 2620 ab
1627 2539 1716 2619 iis
1742 2537 1911 2620 bello
1938 2555 2193 2654 captus
2228 2539 2413 2650 fft.
2530 2541 2723 2624 Colo-

774 2673 936 2752 niae
965 2673 1334 2767 Potentia,
1367 2673 1455 2754 &
1490 2671 1899 2784 Pisaurum,
1928 2673 2015 2752 &
2040 2671 2381 2769 Mutina,
2416 2674 2501 2754 &
2530 2677 2723 2755 Par-

775 2833 894 2885 ma
921 2802 1475 2912 deducflaesunt.
1588 2807 1991 2886 Praeterea
2024 2835 2141 2885 res
2176 2804 2521 2914 adverfies
2558 2807 2726 2888 cel-

776 2937 1037 3020 tiberos
1060 2942 1398 3046 prospere
1423 2935 1687 3046 gestas,
1758 2935 1846 3018 δέ
1891 2935 2106 3018 initia
2142 2935 2542 3048 cauffastque
2574 2935 2739 3018 belli

781 3068 1241 3152 Macedonici
1295 3069 1659 3168 continet3
1743 3066 1947 3176 cuius
2000 3069 2197 3178 origo
2268 3067 2430 3150 inde
2462 3069 2729 3180 fluxit,

783 3200 978 3314 quod
1028 3199 1422 3310 Philippus
1455 3229 1672 3309 aegre
1677 3200 2015 3309 serebat,
2054 3231 2357 3311 regnum
2353 3205 2584 3309 ficum
2606 3203 2727 3282 in·-

783 3332 1017 3416 minui
1032 3362 1081 3413 a
1109 3331 1466 3430 Romanis
1491 3335 1581 3416 &
1606 3331 1802 3447 quod
1816 3351 2215 3441 cogeretur,
2246 3362 2294 3414 a
2324 3333 2729 3419 Thracibus

781 3464 1075 3576 aliisqffl
1106 3465 1272 3546 locis
1292 3463 1656 3575 praesidia
1688 3464 2053 3548 deducere.
