3100 5359
766 701 895 795 158
1414 701 2047 773 T.L1v11

757 870 1273 970 quadringenta
1329 870 1582 969 viginti
1598 906 1622 959 3
1673 874 2264 949 tetradrachmfim
2295 874 2692 951 Atticorum

753 991 1058 1065 ducenta
1100 988 1353 1089 viginti
1407 1013 1710 1089 quatuor
1755 991 2018 1079 millia3
2073 992 2533 1089 cistiphorum
2566 1012 2692 1069 tre·-

753 1130 957 1183 centa
1006 1109 1291 1209 triginta
1323 1136 1547 1185 unum
1587 1109 1808 1185 millia
1841 1116 1908 1185 δι
1961 1111 2436 1211 septuaginta;
2489 1141 2694 1191 num·

753 1253 907 1301 mos
926 1253 1171 1303 aureos
1202 1228 1605 1328 Philippeos
1627 1251 1918 1305 centum
1939 1231 2402 1329 quadraginta
2433 1234 2694 1323 minian

748 1344 1066 1423 vasorum
1092 1370 1580 1447 argenteorum
1619 1350 1890 1449 (omnia
1921 1353 2180 1427 caelata
2217 1354 2442 1447 erant)
2505 1354 2697 1429 mille

746 1468 989 1566 pondo
1023 1472 1090 1541 δι
1126 1466 1638 1567 quadringenta
1671 1468 1926 1569 viginti
1961 1492 2291 1567 quatuor,
2325 1498 2698 1547 aureorum

746 1586 939 1661 mille
972 1589 1219 1685 pondo
1248 1587 1501 1687 viginti
1526 1610 1852 1688 quatuor.
1920 1593 2014 1663 Et
2035 1592 2254 1665 duces
2274 1592 2476 1690 regii,
2502 1619 2698 1690 prae-

746 1704 937 1795 feni,
1002 1706 1079 1778 δε
1136 1707 1500 1805 purpurati
1563 1709 1714 1781 duo
1764 1714 1832 1783 δε
1877 1708 2165 1809 triginta
2199 1732 2360 1786 ante
2405 1736 2697 1787 currum

742 1826 965 1901 duc'ti.
1043 1826 1411 1902 Militibus
1437 1826 1642 1925 quini
1669 1826 1904 1903 viceni
1927 1828 2194 1903 denarii
2215 1830 2389 1918 dati,
2425 1831 2696 1928 duplex

740 1944 1162 2034 centurioni,
1199 1945 1451 2043 triplex
1484 1945 1730 2046 equiti.
1816 1950 1911 2021 Et
1931 1948 2363 2046 stipendium
2392 1948 2693 2025 militare

740 2070 811 2140 &
876 2064 1315 2140 frumentum
1381 2067 1650 2165 duplex
1695 2068 1851 2165 post
1908 2068 2354 2165 triumphurn
2417 2070 2684 2145 datum.

742 2184 1021 2259 Proelio
1072 2184 1147 2258 in
1202 2190 1362 2260 Afia
1412 2185 1623 2273 fact0,
1675 2188 1946 2284 duplex
1993 2190 2301 2264 dederat.
2398 2190 2691 2265 Trium·

736 2304 981 2402 phavit
1003 2332 1188 2380 anno
1214 2305 1355 2380 fere
1388 2305 1567 2403 post,
1623 2332 1839 2405 quam
1867 2306 2224 2382 consulatu
2260 2306 2456 2383 abiit.
2488 2386 2494 2391 ,

833 2427 1001 2499 LX.
1134 2426 1411 2499 Eodem
1472 2424 1613 2499 fere
1665 2448 1978 2523 tempore
2031 2430 2098 2499 ὅτ
2164 2428 2298 2501 Cn.
2365 2426 2688 2501 Manlius

736 2543 980 2619 consul
1040 2543 1114 2618 in
1152 2548 1410 2633 Afiarn,
1459 2550 1527 2619 &
1557 2550 1669 2646 Q
1705 2546 1964 2619 Fabius
2011 2548 2260 2621 Labeo
2291 2567 2566 2643 praetor
2597 2548 2690 2621 ad

735 2665 1011 2738 claffem
1064 2663 1277 2738 venit.
1376 2649 1712 2739 Ceterurn
1762 2663 2030 2737 consuli
2066 2692 2208 2739 non
2245 2666 2481 2741 deerat
2514 2692 2686 2742 cum

737 2781 959 2857 Gallis
992 2782 1159 2857 belli
1192 2782 1501 2857 materia.
1599 2786 1804 2856 Mare
1835 2804 2164 2880 pacatum
2197 2807 2365 2873 erat,
2401 2786 2681 2861 devicto

734 2902 1120 2977 Antiocho·
1191 2901 1549 3002 Cogitanti
1573 2902 1947 3003 QFabiO,
1977 2903 2094 2977 cui
2124 2904 2220 2979 rei
2249 2905 2682 3002 potiffimum

730 3022 1080 3110 infisteret‚
1136 3048 1225 3095 ne
1276 3021 1566 3097 otiosam
1619 3021 2056 3120 provinciam
2103 3024 2416 3099 habuifl'e
2461 3024 2682 3100 videri

730 3146 979 3242 pofl'et,
1032 3142 1387 3240 optimum
1438 3140 1667 3215 visum
1723 3142 1846 3231 est,
1912 3143 1986 3216 in
2047 3144 2330 3219 Cretam
2385 3143 2676 3221 insulam

728 3260 1054 3359 trajicere.
1154 3260 1592 3360 Cydoniatae
1637 3263 1908 3335 bellum
1941 3262 2262 3338 adversus
2299 3264 2681 3362 Gortynios

731 3380 1189 3479 Gnoffiosque
1216 3384 1574 3479 gerebant,
1604 3385 1671 3454 δι
1706 3381 2144 3479 captivorum
2181 3386 2678 3459 Romanorum

727 3524 937 3600 atque
972 3501 1190 3577 Italici
1230 3499 1501 3599 generis
1534 3527 1836 3599 magnus
1870 3526 2206 3575 numerus
2241 3502 2316 3575 in
2351 3502 2678 3579 servitute

726 3624 858 3695 efl'e
892 3647 1017 3719 per
1048 3642 1267 3695 totam
1294 3618 1592 3695 insulam
1621 3620 2011 3696 dicebatur.
2079 3622 2298 3695 Claffe
2320 3626 2411 3697 ab
2443 3626 2681 3721 Ephe-

726 3740 799 3815 so
842 3739 1220 3840 profectus,
1284 3766 1515 3838 quum
1561 3740 1876 3839 primum
1921 3744 2168 3815 Cretae
2201 3740 2366 3816 litus
2393 3743 2676 3841 adtigit,

714 3858 1025 3955 nuncios
1076 3860 1261 3935 circa
1292 3858 1604 3935 civitates
1639 3860 1849 3948 mifit,
1901 3882 1984 3936 ut
2013 3862 2220 3937 armis
2251 3863 2674 3951 abfisterent,

592 4044 601 4051 .
718 3968 1173 4079 captix'rosque
1200 3978 1275 4053 in
1308 3978 1445 4054 suis
1474 4006 1804 4079 quaeque
1825 3981 2120 4057 urbibus
2151 3980 2472 4080 agrisque
2505 4009 2676 4059 con-

722 4100 1007 4199 quifitos
1026 4102 1465 4189 reducerent,
1492 4101 1852 4201 &legatos
1878 4101 2234 4177 mitterent
2257 4103 2349 4176 ad
2381 4098 2474 4190 se,
2504 4127 2674 4178 cum
