3100 5359
987 748 1724 825 LrnanXL.
2215 755 2358 854 383

379 920 672 997 confilio
703 920 983 1019 adjutor
1016 924 1260 999 Deum
1292 922 1646 999 beneficio
1673 922 1952 999 oblatus
1982 919 2360 999 videbatur

379 1040 731 1117 Paeoniae
759 1062 1059 1139 praetor,
1093 1068 1221 1141 per
1238 1044 1441 1141 cujus
1466 1043 1906 1143 provinciam
1931 1042 2128 1143 spem
2153 1068 2358 1143 cepe-

378 1184 487 1238 rat
536 1161 719 1237 elabi
770 1182 930 1237 tuto
973 1165 1186 1261 poffe.
1287 1165 1464 1240 Hoc
1490 1163 1862 1239 confilium
1894 1165 2256 1263 extemplo
2289 1167 2360 1238 Bt

380 1282 574 1358 fratri
640 1282 989 1381 proditur,
1042 1286 1139 1371 &,
1202 1284 1487 1358 auc’tore
1550 1308 1665 1372 eo,
1735 1282 2093 1359 indicatur
2155 1280 2363 1383 patri.

384 1403 671 1479 Literae
723 1402 1041 1502 primum
1106 1403 1199 1477 ad
1257 1404 1692 1478 obfidentem
1747 1406 2029 1479 Petram
2093 1404 2364 1478 adlatae

381 1522 567 1598 sunt.
666 1524 844 1597 Inde
896 1523 1323 1598 Herodorus
1382 1522 1740 1622 (princeps
1789 1522 1910 1599 hic
1963 1522 2362 1599 amicorum

388 1640 745 1718 Demetrii
780 1644 953 1737 erat)
992 1642 1067 1717 in
1100 1636 1495 1718 custodiam
1531 1644 1631 1719 est
1665 1646 2052 1741 conjectus,
2105 1648 2174 1718 δε
2213 1646 2362 1719 De-

386 1762 683 1839 metrius
709 1762 1212 1839 diffimulanter
1230 1762 1566 1839 adservari
1575 1765 1823 1861 juffus.
1923 1766 2134 1839 Haec
2158 1762 2366 1863 super

375 1904 621 1977 ⁴cetera
652 1882 917 1959 tristem
951 1884 1338 1958 adventurn
1364 1883 1439 1957 in
1474 1882 1984 1959 Macedoniam
2005 1883 2156 1981 regi
2177 1882 2362 1959 fece.

385 2028 578 2081 runt.
678 2006 1089 2081 Movebant
1133 2030 1301 2081 curn
1335 2010 1403 2079 &
1436 2003 1820 2104 praesentia
1851 2002 2190 2080 crimina=
2243 2029 2390 2079 ex-.

390 2124 799 2225 spectandos
829 2146 1091 2213 tamen,
1144 2142 1327 2225 q'uos
1354 2125 1444 2199 ad
1481 2124 1910 2223 exploranda
1941 2123 2184 2200 omnia
2209 2128 2364 2201 Ro-

390 2272 587 2321 mam
640 2244 943 2333 miserat,
994 2245 1339 2321 censebat.
1440 2244 1587 2321 His
1635 2243 1889 2319 anxius
1917 2244 2105 2320 curis
2131 2271 2364 2345 quum

392 2366 669 2465 aliquot
734 2365 1006 2441 menses
1057 2365 1326 2465 egisset,
1377 2367 1670 2442 tandem
1722 2363 1963 2465 legati,
2000 2366 2153 2462 jam
2203 2386 2365 2441 ante

392 2484 925 2585 praemeditatis
989 2485 1065 2559 in
1118 2484 1583 2575 Macedonia,
1635 2511 1818 2585 quae
1860 2490 1952 2563 ab
1987 2489 2230 2562 Roma
2259 2510 2367 2561 re-

394 2605 841 2695 nunciarent,
892 2624 1261 2681 venerunt.
1360 2604 1541 2708 Qi,
1594 2606 1802 2705 super
1831 2629 2061 2683 cetera
2089 2605 2366 2697 scelera,

396 2724 595 2801 falsas
639 2725 853 2801 etiam
906 2726 1162 2814 literas,
1213 2730 1409 2825 figno
1452 2726 1854 2803 adulterino
1910 2731 2007 2804 T.
2039 2725 2368 2831 Qinffii

397 2850 717 2946 signatas,
768 2846 1233 2923 reddiderunt
1266 2844 1437 2945 regi.
1538 2846 1970 2945 Deprecatio
2001 2870 2146 2923 erat
2177 2849 2254 2924 in
2285 2848 2371 2923 li-

396 2966 588 3056 teris,
638 2970 685 3041 fi
731 2966 914 3066 quid
964 2964 1393 3054 adolescenS,
1444 2965 1838 3066 cupiditate
1864 2966 2062 3067 regni
2091 2970 2368 3069 prolap-

396 3086 539 3176 sus,
573 3086 812 3163 secum
838 3084 1099 3185 egiffet.
1200 3096 1251 3141 4‘
1288 3082 1498 3161 Nihil
1524 3112 1694 3161 eum
1726 3085 2052 3162 adversus
2079 3086 2370 3164 suorum

400 3219 455 3252 “
492 3231 935 3307 quemquam
992 3204 1395 3293 facturum3
1470 3231 1708 3306 neque
1774 3232 1942 3283 eum
2005 3205 2142 3282 sese
2205 3206 2369 3297 effe,

398 3336 453 3372 “
491 3326 618 3426 qui
673 3326 889 3401 ullius
942 3324 1121 3425 inpii
1178 3326 1453 3401 confilii
1505 3328 1753 3402 auEtor
1803 3326 2081 3402 futurus
2139 3326 2370 3404 videri

402 3459 455 3493 ‘⁶
490 3448 757 3546 poffit.''
855 3447 1022 3520 Hae
1088 3444 1324 3521 literae
1388 3448 1614 3523 fidem
1657 3444 1886 3521 Persei
1952 3445 2374 3524 criminibus

398 3566 745 3643 fecerunt.
844 3566 1095 3664 Itaque
1155 3566 1606 3655 Herodorus,
1657 3568 2019 3665 extemplo
2063 3566 2192 3643 diu
2247 3594 2370 3645 ex·-

404 3686 786 3777 cruciatus,
838 3690 976 3761 fine
1021 3684 1296 3763 indicio
1329 3685 1429 3761 rei
1461 3684 1679 3763 ullius
1707 3683 1783 3761 in
1817 3686 2184 3765 tormentis
2216 3714 2370 3767 mo-

400 3806 601 3883 ritur.

502 3926 783 4001 XXIV.
884 3924 1337 4002 Demetrium
1391 3925 1650 4004 iterum
1677 3930 1771 4005 ad
1801 3950 2071 4028 patrem
2099 3930 2374 4009 accusa-

402 4045 512 4121 vit
540 4045 848 4121 Perseus.
919 4048 1127 4147 Fuga
1145 4072 1269 4146 per
1291 4045 1674 4123 Paeoniam
1706 4070 2104 4149 praeparata
2128 4076 2376 4152 argue-

406 4168 642 4257 batur,
705 4170 776 4243 &
842 4166 1155 4268 corrupti
1216 4166 1540 4267 quidam,
1610 4189 1694 4245 ut
1749 4170 2048 4249 comites
2109 4172 2377 4251 itineris
