3100 5359
787 685 887 756 44
1474 659 2111 734 T.L1v11

782 836 1146 911 dicentem
1202 833 1570 910 interfatus
1619 835 2040 911 Romanum
2075 835 2460 923 Phaeneas,
2497 845 2550 879 “
2579 837 2762 912 Non

786 964 840 1000 “
874 954 953 1030 in
979 953 1457 1043 servitutem,'’
1506 954 1774 1053 inquit,
1828 965 1880 999 ‘⁶
1915 954 2138 1029 sedin
2165 955 2388 1028 fidem
2407 975 2606 1030 tuam
2627 981 2766 1031 nos

780 1086 834 1121 “
869 1074 1316 1151 tradidimus.
1418 1079 1515 1150 Et
1561 1095 1839 1149 certum
1879 1077 2135 1162 habe0‚
2188 1095 2258 1149 te
2295 1074 2767 1173 inprudentia

781 1206 835 1242 ‘⁶
870 1195 1044 1283 labi,
1095 1195 1223 1294 qui
1253 1194 1459 1271 nobis
1486 1194 1816 1294 imperes,
1851 1219 2036 1293 quae
2070 1194 2284 1270 moris
2313 1199 2760 1272 Graecorum

783 1327 836 1364 “
868 1339 1017 1392 non
1050 1317 1247 1392 fint.”
1346 1318 1470 1392 Ad
1524 1319 1698 1391 haec
1745 1314 2016 1405 consul,
2070 1326 2120 1358 “
2169 1319 2356 1404 Nec,
2408 1318 2762 1407 Hercle,”

782 1435 1048 1534 inquit,
1103 1445 1153 1480 “
1189 1461 1618 1536 magnopere
1647 1461 1842 1510 nunc
1891 1461 2091 1525 curo,
2143 1437 2326 1535 quid
2365 1437 2608 1512 Aetoli
2655 1438 2760 1513 sa-

782 1567 837 1602 “
869 1556 963 1632 tis
1008 1581 1100 1630 ex
1150 1579 1347 1632 more
1400 1559 1840 1632 Graecorum
1887 1554 2158 1631 factum
2203 1557 2336 1630 effe
2383 1557 2752 1634 censeant:

784 1687 837 1722 “
872 1678 1054 1752 dum
1086 1700 1223 1777 ego
1269 1701 1465 1752 more
1499 1677 1838 1752 Romano
1867 1675 2252 1774 imperium
2285 1675 2650 1754 inhibeam
2677 1677 2759 1753 in

789 1805 841 1842 “
877 1797 1159 1872 deditos
1212 1799 1435 1872 modo
1487 1798 1776 1872 decreto
1829 1796 1981 1885 su0,
2033 1817 2192 1871 ante
2246 1796 2458 1872 armis
2507 1798 2760 1874 victos.

784 1927 837 1962 ‘⁶
873 1920 1149 2016 Itaque,
1212 1916 1290 1991 ni
1342 1941 1636 2017 propere
1695 1919 1803 2005 fit,
1867 1919 2069 2017 quod
2129 1916 2430 2016 impero,
2499 1918 2758 1995 vinciri

786 2048 839 2082 “
873 2063 1001 2113 vos
1020 2038 1173 2135 jam
1192 2037 1421 2135 jubeo
1444 2039 1513 2111 θ’
1559 2035 1960 2137 adferrique
1995 2058 2296 2126 catenaS,
2351 2041 2420 2112 δι
2447 2039 2756 2114 circum-

782 2155 1009 2234 sistere
1036 2156 1311 2233 littores
1330 2158 1545 2254 juffit.
1630 2157 1832 2232 Tum
1851 2157 2066 2232 fracta
2085 2161 2448 2234 Phaeneae
2468 2158 2755 2249 ferocia,

788 2275 1201 2376 Aetolisque
1234 2276 1387 2352 aliis
1420 2278 1520 2353 est
1542 2309 1564 2351 ε
1617 2281 1686 2351 &
1721 2279 2036 2368 tandem,
2089 2281 2292 2376 cujus
2320 2278 2757 2355 conditionis

783 2401 1024 2488 effent,
1093 2395 1377 2472 sensere.
1500 2401 1624 2485 Et,
1697 2407 1747 2441 “
1804 2396 1870 2472 se
1930 2397 2303 2498 quidem,''
2367 2401 2753 2489 PhaeneaS,

786 2531 839 2565 “
872 2539 945 2596 et
1001 2517 1129 2618 qui
1190 2518 1414 2591 adfint
1464 2518 1917 2606 Aetolorum,
1981 2516 2152 2594 scire
2209 2518 2535 2595 facienda
2593 2520 2756 2612 effe,

786 2649 838 2684 “
874 2662 1059 2738 quae
1102 2635 1607 2736 imperentur,''
1657 2635 1878 2712 dixit:
1933 2647 1982 2681 ‘⁸
2021 2637 2140 2712 sed
2183 2641 2275 2713 ad
2309 2641 2758 2718 decernenda

783 2769 835 2803 ‘⁴
866 2783 949 2834 ea
981 2755 1287 2832 concilio
1312 2759 1740 2834 Aetolorum
1759 2783 1940 2858 opus
1963 2759 2122 2833 effe.
2224 2761 2350 2834 Ad
2380 2759 2460 2834 id
2482 2781 2751 2858 petere,

784 2890 839 2926 “
872 2898 957 2954 ut
1021 2879 1273 2953 decem
1332 2875 1615 2953 dierum
1679 2876 2004 2954 inducias
2067 2880 2333 2954 daret.''
2457 2883 2755 2956 Petente

785 3001 1047 3077 Flacco
1078 3023 1209 3096 pro
1248 2995 1551 3086 AetoliS,
1603 2996 1938 3074 induciae
1971 3000 2172 3074 datae
2187 3031 2212 3086 3
2263 2999 2341 3072 &
2373 3001 2751 3100 Hypatam

782 3117 1093 3196 reditum
1124 3117 1249 3194 est.
1351 3116 1510 3193 Ubi
1557 3142 1790 3218 quum
1831 3117 1910 3193 in
1955 3119 2243 3195 confilio
2276 3121 2748 3212 delectorum,

782 3264 965 3341 quos
998 3241 1386 3340 Apocletos
1418 3258 1702 3327 vocant,
1753 3241 2133 3328 Phaeneas,
2184 3244 2255 3313 &
2295 3267 2479 3341 quae
2523 3241 2755 3342 impe-

780 3379 1119 3448 rarentur,
1172 3363 1241 3434 δε
1274 3358 1640 3458 quaeipsis
1668 3384 1888 3458 prope
1914 3357 2346 3450 aecidiffent,
2397 3360 2754 3462 exposuis-

784 3481 927 3570 set3
996 3481 1504 3581 ingemuerunt
1569 3479 1868 3579 quidem
1931 3478 2282 3580 principes
2348 3482 2753 3560 conditioni

782 3600 971 3690 suae,
1021 3603 1419 3699 parendum
1473 3620 1713 3675 tamen
1764 3600 2017 3676 victori
2069 3599 2472 3693 censebant,
2537 3609 2606 3680 &
2661 3629 2756 3680 ex

782 3719 1125 3796 omnibus
1170 3719 1455 3820 oppidis
1495 3723 1996 3798 convocandos
2027 3723 2326 3798 Aetolos
2367 3725 2463 3799 ad
2507 3724 2752 3801 conci-

780 3841 991 3920 lium.

880 3963 1167 4040 XXIX.
1264 3962 1650 4063 Postquam
1681 3987 1848 4039 vero
1881 3964 2116 4040 omnis
2144 3967 2388 4042 coacta
2419 3965 2749 4042 multitu-

782 4083 883 4160 do
914 4083 1165 4160 eadem
1192 4083 1311 4160 illa
1336 4083 1642 4173 audivit,
1691 4087 1871 4162 adeo
1904 4084 2188 4162 saevitia
2215 4085 2498 4188 imperii
2529 4108 2752 4186 atque
