3100 5359
731 700 888 800 '376
1405 694 2045 772 T.L.1v11

839 871 1120 948 XVIII.
1217 869 1532 947 Comitia
1600 867 2015 948 consulibus
2090 867 2424 970 rogandis
2496 865 2721 946 flia-e.

737 992 977 1070 Creati
1029 995 1112 1068 P.
1141 991 1516 1068 Cornelius
1568 991 1958 1092 Cethegus,
2007 991 2127 1066 Μ.
2160 990 2463 1066 Baebius
2495 993 2721 1066 Tam-

739 1112 1003 1212 philus.
1101 1115 1458 1188 Praetores
1481 1109 1654 1186 inde
1672 1109 1868 1199 faeti,
1906 1111 2059 1186 duo
2082 1109 2442 1212 QFabii,
2472 1111 2725 1186 Maxi-

741 1259 906 1308 mus
957 1233 1032 1306 &
1087 1237 1342 1322 Bute0,
1411 1231 1536 1308 Ti.
1564 1231 1913 1308 Claudius
1962 1234 2189 1320 Nero,
2264 1237 2372 1334 Q
2395 1231 2725 1307 Petillius

741 1352 1115 1453 Spurinus,
1151 1356 1268 1430 Μ.
1299 1351 1623 1429 Pinarius
1650 1351 1895 1442 Posca,
1928 1355 2025 1428 L.
2062 1351 2455 1428 Duronius.
2544 1353 2723 1442 His,

743 1475 926 1551 inito
983 1473 1420 1575 magistratu,
1470 1471 1881 1571 provinciae
1925 1471 2025 1547 ita
2076 1471 2255 1547 sorte
2306 1495 2725 1549 evenerunt.

741 1595 1054 1698 Ligures
1107 1592 1563 1681 consulibus3
1614 1593 2079 1692 praetoribus,
2128 1592 2549 1690 QPetillio
2602 1621 2725 1669 ur-

741 1719 954 1804 bana,
987 1713 1347 1818 QFabio
1379 1713 1717 1789 Maximo
1746 1713 2140 1812 peregrina,
2188 1717 2303 1814 Q
2322 1713 2553 1788 Fabio
2584 1717 2733 1790 Bu-

735 1837 938 1914 teoni
979 1835 1237 1924 Gallia,
1288 1833 1412 1910 Ti.
1440 1832 1751 1909 Claudio
1798 1833 2077 1910 Neroni
2134 1833 2401 1923 Sicilia,
2454 1837 2573 1909 M.
2600 1835 2727 1909 Pi-

743 1958 946 2036 nario
1001 1953 1346 2042 Sardinia,
1399 1957 1493 2030 L..
1529 1952 1865 2028 Duronio
1908 1954 2181 2054 Apulia
2204 1987 2229 2043 3
2278 1956 2359 2028 δι
2398 1955 2555 2028 Istri
2594 1959 2729 2030 ad-

731 2079 935 2178 jeai,
985 2078 1188 2177 quod
1239 2073 1611 2150 Tarentini
1666 2073 2212 2172 Brundifinique
2258 2075 2729 2164 nunciabant,

745 2199 1140 2276 maritimos
1191 2221 1392 2294 agros
1441 2191 1729 2268 infestos
1770 2193 2381 2270 transmarinarum
2428 2196 2731 2272 navium

741 2317 1130 2396 latrociniis
1173 2317 1330 2390 effe.
1435 2313 1711 2388 Eadem
1746 2313 2203 2389 Maffilienses
2236 2316 2327 2390 de
2360 2316 2739 2416 Ligurum

747 2439 1050 2516 navibus
1113 2439 1614 2536 querebantur.
1748 2435 2123 2510 Exercitus
2180 2435 2351 2510 inde
2418 2437 2731 2512 decreti:

747 2581 1053 2660 quatuor
1074 2555 1392 2656 legiones
1417 2555 1854 2643 consulibus,
1888 2554 2141 2655 (quina
2166 2555 2389 2630 millia
2408 2558 2737 2634 ducenos

745 2684 1120 2757 Romanos
1155 2675 1458 2774 pedites,
1520 2697 1838 2751 trecenos
1880 2677 2221 2751 haberent
2268 2676 2577 2776 equites)
2646 2679 2737 2752 &

745 2797 1168 2903 quindecim
1196 2795 1422 2870 millia
1445 2794 1717 2872 socium
1742 2821 1825 2870 ac
1846 2795 2093 2870 Latini
2124 2797 2463 2885 nominis,
2496 2799 2741 2875 offin-

739 2919 943 3023 genti
973 2917 1278 3018 equites.
1364 2918 1448 2991 In
1483 2915 1851 3013 Hispaniis
1882 2937 2337 3014 prorogatum
2367 2917 2739 2995 veteribus

747 3039 1188 3142 praetoribus
1231 3035 1619 3135 imperium
1670 3035 1771 3112 est
1814 3061 1987 3110 cum
2034 3037 2489 3126 exercitibus,
2544 3063 2737 3137 quos

735 3165 1111 3238 haberent.
1197 3161 1295 3232 Et
1319 3157 1396 3232 in
1423 3155 1999 3256 supplementum
2024 3157 2307 3232 decreta
2338 3157 2470 3232 tria
2500 3157 2738 3234 millia

748 3281 1022 3358 civium
1065 3283 1595 3366 Rornanorum,
1646 3275 1941 3352 ducenti
1980 3276 2297 3376 equitesz
2346 3279 2421 3350 δι
2450 3276 2739 3355 socium

743 3399 998 3476 Latini
1033 3399 1346 3474 nominis
1379 3397 1496 3472 sex
1529 3395 1756 3472 millia
1784 3395 2142 3496 pediturn,
2192 3398 2487 3474 trecenti
2518 3398 2733 3496 equi-

747 3541 876 3596 tes.
974 3521 1138 3594 Nec
1169 3517 1271 3593 rei
1295 3517 1560 3594 navalis
1588 3541 1758 3594 cura
1788 3518 2057 3592 omiffa.
2156 3520 2605 3596 Duumviros
2646 3520 2737 3596 in

749 3665 912 3716 eam
963 3663 1113 3714 rem
1157 3636 1478 3713 consules
1521 3663 1753 3714 creare
1774 3637 1963 3734 jusfi,
2016 3662 2140 3736 per
2170 3665 2353 3736 quos
2380 3667 2591 3716 naves
2622 3641 2737 3716 vi-

749 3756 936 3860 ginti
989 3757 1338 3834 deductae
1381 3757 1750 3834 navalibus
1782 3757 1987 3834 sociis
2019 3757 2299 3835 civibus
2339 3760 2734 3851 RomaniS‚

731 3879 882 3979 ·qui
931 3877 1334 3954 servitutem
1375 3878 1755 3968 servifl‘ent,
1804 3882 2329 3981 complerentur
2348 3915 2373 3969 3
2424 3881 2735 3982 ingenui

747 4021 1030 4078 tantum
1073 4019 1158 4076 ut
1187 3999 1274 4075 iis
1307 4000 1706 4098 praeeffent.
1808 4001 2001 4076 Inter
2032 4001 2453 4076 duumviros
2485 4001 2587 4076 ita
2614 4001 2735 4076 di·

733 4115 892 4199 'frisa
939 4122 1210 4198 tuenda
1265 4116 1468 4196 denis
1499 4117 1801 4196 navibus
1844 4119 2199 4198 maritima
2240 4147 2387 4213 ora,
2436 4141 2523 4198 ut
2562 4147 2733 4222 pro·
