3100 5359
792 673 934 768 236
1433 669 2073 746 T.L1v11

787 855 840 894 “
877 861 1212 924 monente
1265 843 1577 934 fortuna,
1612 843 1823 944 quid,
1857 848 1905 922 si
1940 844 2213 922 hostem
2244 843 2751 934 habuissemus,

789 975 840 1012 “
863 951 1199 1044 'casurum
1235 961 1498 1059 fuiss'et)
1551 990 1786 1066 quum
1818 965 2190 1042 redeuntes
2218 966 2297 1040 in
2322 967 2751 1043 latrunculos
2830 979 2839 987 ’

787 1093 839 1130 “
875 1086 1186 1160 Thracas
1211 1083 1721 1174 incidissemus,
1744 1089 1941 1175 caefi,
1968 1085 2223 1186 fligati,
2252 1085 2451 1162 exuti
2473 1086 2755 1186 inpedi-

787 1214 840 1249 “
874 1203 1135 1280 mentis
1169 1204 1429 1280 sumus.
1527 1205 2041 1307 QMinucius
2074 1209 2457 1297 ThermuS,
2491 1207 2569 1282 in
2604 1234 2753 1308 quo

787 1335 838 1373 ‘⁶
873 1327 1066 1400 haud
1089 1325 1328 1425 paullo
1361 1328 1522 1424 plus
1545 1325 1791 1401 damni
1822 1325 2091 1402 fastum
2120 1327 2245 1416 est,
2274 1352 2495 1425 quam
2528 1331 2579 1402 fi
2612 1330 2751 1404 Cn.

785 1455 837 1490 “
871 1445 1216 1534 ManliuS,
1269 1445 1470 1542 cujus
1528 1445 1917 1522 temeritate
1973 1473 2056 1522 ea
2106 1449 2339 1522 clades
2380 1446 2750 1539 incideram

782 1577 835 1618 “
873 1565 1168 1665 perifl'et,
1201 1591 1372 1640 cum
1400 1565 1647 1641 multis
1675 1565 1845 1641 viris
1878 1565 2177 1642 fortibus
2210 1567 2505 1644 cecidit=
2548 1595 2747 1644 exer-

783 1697 837 1734 “
871 1685 1081 1774 citus„
1125 1685 1346 1784 spolia
1389 1685 1573 1786 regis
1626 1685 1977 1764 Antiochi
2028 1685 2352 1776 referens,
2412 1686 2749 1768 trifariam

782 1818 836 1864 “-
869 1807 1252 1906 diffipatuS,
1302 1806 1474 1882 alibi
1528 1805 1873 1904 primum,
1938 1806 2113 1883 alibi
2154 1808 2595 1906 postremum
2630 1836 2748 1910 ag-

780 1939 834 1973 “
869 1954 1063 2016 men,
1115 1923 1284 2003 alibi
1315 1924 1828 2024 inpedimenta,
1882 1925 2065 2002 inter
2088 1953 2331 2027 vepres
2360 1927 2435 2003 in
2462 1930 2749 2006 latebris

779 2059 832 2098 ‘⁸
866 2047 1172 2124 ferarum
1201 2049 1484 2121 noEtern
1517 2072 1739 2122 unam
1772 2046 2077 2122 delituit.
2174 2051 2315 2124 Pro
2346 2049 2455 2124 his
2490 2050 2745 2126 trium-

779 2179 832 2219 “
865 2171 1050 2268 phus
1094 2165 1412 2266 petitur?
1510 2165 1585 2273 Si
1630 2165 1813 2241 nihil
1850 2167 1926 2244 in
1958 2167 2265 2244 Thracia
2288 2170 2507 2246 cladis
2538 2169 2746 2270 igno-

777 2301 831 2338 “
867 2288 1271 2388 miniaeque
1324 2285 1502 2362 foret
1554 2308 1959 2387 acceptum,
1992 2291 2086 2364 de
2118 2289 2383 2389 quibus
2416 2292 2744 2370 hostibus

777 2423 829 2458 ‘⁸
861 2410 1315 2508 triumphum
1348 2411 1668 2508 peteres?
1704 2409 1795 2484 de
1823 2407 1935 2498 iis,
1962 2430 2044 2484 ut
2067 2409 2351 2509 opinor,
2384 2436 2571 2510 quos
2606 2412 2739 2490 tibi

773 2543 828 2578 ‘⁴
861 2531 1093 2608 hostes
1151 2527 1424 2604 senatus
1476 2547 1601 2602 aut
1650 2531 1963 2627 populus
2000 2532 2377 2608 Romanus
2416 2533 2739 2608 dediffet.

773 2649 828 2700 ‘⁴'
865 2651 981 2728 Sic
1015 2648 1185 2725 huic
1221 2651 1313 2724 L.
1347 2645 1691 2746 Scipioni,
1745 2652 1834 2724 fic
1868 2648 1971 2724 illi
1998 2651 2137 2725 M’.
2171 2650 2417 2732 Acilio
2448 2653 2543 2728 de
2574 2680 2743 2754 rege

773 2783 826 2820 ‘⁸
864 2769 1254 2857 Antioche,
1315 2771 1405 2844 fic
1449 2769 1689 2867 paullo
1726 2789 1887 2844 ante
1936 2772 2030 2845 T.
2064 2770 2414 2872 Qinffio
2444 2775 2539 2848 de
2570 2800 2739 2876 rege

771 2905 826 2940 ‘⁸
863 2890 1227 2990 Philippo,
1247 2891 1336 2964 fic
1372 2891 1454 2964 P.
1483 2887 1823 2966 Africano
1843 2892 1935 2966 de
1964 2890 2402 2980 Hannibale,
2428 2893 2533 2982 δι,
2554 2897 2737 2971 Poe-

735 3025 827 3062 ·“
861 3010 1000 3102 nis,
1059 3015 1128 3088 δε
1161 3012 1504 3110 Syphace,
1539 3009 1947 3109 triumphus
1978 3012 2205 3088 datus.
2306 3015 2407 3088 Et
2434 3012 2741 3102 minima

765 3145 824 3181 ⁴‘
859 3134 1004 3223 illa,
1027 3155 1260 3233 quum
1272 3132 1424 3230 jam
1457 3130 1729 3206 senatus
1762 3129 2127 3207 censuisset
2165 3135 2461 3223 bellum,
2514 3161 2736 3234 quae·

769 3265 824 3300 “
861 3258 982 3330 fita
1009 3273 1247 3329 tamen
1295 3250 1481 3340 sunt,
1541 3250 1809 3350 quibus
1854 3251 2345 3332 nunciandum
2378 3257 2587 3330 effet:
2622 3256 2735 3355 ip.

773 3385 828 3422 ‘⁸
863 3375 948 3449 fis
974 3372 1230 3472 utique
1255 3371 1541 3472 regibus
1576 3370 2069 3461 nunciaretur3
2102 3399 2194 3448 an
2224 3372 2383 3462 satis
2414 3377 2604 3465 effot,
2638 3378 2733 3454 ad

766 3505 826 3542 ‘⁴
859 3491 1276 3594 praefidium
1313 3491 1607 3590 aliquod
1628 3490 2003 3568 nunciati?
2104 3493 2341 3570 Vuitis
2366 3521 2535 3594 ergo
2552 3498 2733 3573 haec

763 3627 825 3661 “
861 3612 1104 3690 omnia
1153 3611 1380 3710 pollui
1425 3611 1506 3684 ὅτ
1555 3610 1959 3690 confundi?
2012 3614 2163 3688 tolli
2218 3613 2495 3691 fecialia
2520 3616 2729 3713 jura?

764 3746 825 3782 ‘⁸
861 3735 1092 3810 nullos
1137 3735 1274 3808 effe
1315 3730 1639 3807 feciales?
1690 3733 1813 3808 fiat
1850 3737 2052 3832 (pace
2092 3736 2334 3813 Deum
2382 3734 2725 3832 dixerim)

763 3865 822 3902 “
845 3855 1117 3952 jactura
1147 3851 1538 3954 religionis:
1574 3850 1849 3928 oblivio
1878 3855 2201 3930 Deorum
2221 3855 2451 3956 capiat
2476 3858 2719 3956 ροᾶο·

763 3985 822 4024 “
855 3975 1196 4052 favestra.
1291 3977 1498 4050 Nurn
1532 3972 1851 4051 senatum
1883 3999 2177 4075 quoque
2202 3977 2297 4052 de
2330 3979 2519 4052 bello
2549 3967 2720 4052 con·

763 4108 824 4145 “
859 4095 992 4174 suli
1024 4121 1170 4172 non
1201 4095 1475 4194 placet?
1527 4119 1675 4170 non
1710 4095 1803 4170 ad
1834 4098 2185 4195 populum
2220 4095 2413 4187 ferri,
2470 4097 2714 4186 velint,
