3100 5359
837 716 914 791 L
968 740 996 793 1
1061 741 1102 789 B
1159 740 1204 789 Β.
1259 740 1309 789 a
1409 715 1771 792 XXXIX.
2198 742 2335 816 331

359 915 526 971 tum
591 891 1163 969 introduxerunt.
1263 894 1426 967 Nec
1473 917 1823 991 umquam
1856 910 2016 965 ante
2066 910 2345 967 tantum
2402 870 2411 877 ¹

356 1011 674 1113 regionis
727 1012 876 1108 ejus
929 1010 1309 1086 hominum
1357 1013 1641 1087 Romae
1674 1010 1923 1086 fuerat.
2021 1012 2217 1085 Nam
2248 1036 2343 1085 ex

364 1160 520 1231 quo
553 1131 742 1207 fama
759 1156 887 1229 per
912 1152 1182 1231 genteS,
1209 1157 1393 1231 quae
1427 1130 1943 1207 Macedoniam
1973 1131 2341 1219 adcolunt,

361 1254 656 1352 vulgata
712 1251 837 1339 est,
891 1250 1190 1327 crimina
1229 1249 1851 1351 querimoniasque
1885 1251 1977 1325 de
2004 1247 2343 1349 Philippo

363 1396 516 1447 non
551 1373 1001 1471 neglegenter
1033 1374 1124 1446 ab
1151 1370 1504 1447 Romanis
1529 1368 1791 1458 audiri,
1819 1368 2067 1445 multis
2092 1394 2343 1467 operae

365 1492 681 1589 pretium
707 1490 912 1565 fuiss‘e
938 1489 1181 1590 queri3
1215 1516 1345 1589 pro
1378 1490 1444 1565 se
1472 1515 1801 1589 quaeque
1829 1488 2145 1565 civitates
2170 1516 2342 1589 gen-

363 1609 636 1711 tesque,
674 1610 925 1710 singuli
960 1610 1175 1686 etiam
1203 1610 1561 1708 privatim,
1614 1609 1875 1710 (gravis
1906 1610 2102 1685 enirn
2126 1611 2343 1687 adco-

359 1734 432 1806 la
462 1730 802 1807 omnibus
851 1733 1024 1825 erat)
1097 1734 1440 1817 Romam,
1497 1752 1623 1805 aut
1652 1732 1747 1805 ad
1777 1728 1973 1827 spem
2007 1732 2343 1807 levandae

363 1850 692 1948 injuriae,
727 1873 852 1928 aut
876 1855 967 1926 ad
997 1851 1366 1925 deflendae
1394 1849 1749 1938 solatium,
1774 1873 2143 1925 venerunt.
2246 1854 2344 1927 Et

359 1976 458 2047 ab
493 1974 824 2047 Eumene
852 1998 1014 2071 rege
1049 1969 1310 2071 legatio
1343 1996 1514 2045 cum
1549 1968 1753 2045 fratre
1786 1969 1935 2065 ejus
1970 1972 2343 2047 Athenaeo

357 2092 563 2167 venit
593 2093 684 2167 ad
707 2092 1194 2189 querendum,
1248 2092 1452 2163 fimul
1486 2091 1687 2188 quod
1722 2115 1861 2163 non
1902 2091 2341 2167 deduceren-

361 2235 482 2287 tur
512 2238 604 2286 ex
637 2211 948 2287 Thracia
973 2208 1330 2308 praefidia,
1366 2211 1570 2284 fimul
1594 2209 1799 2307 quod
1825 2206 1900 2283 in
1934 2208 2341 2308 Bithyniam

363 2335 642 2406 Prufiae
677 2333 948 2407 bellum
973 2328 1301 2405 adversus
1338 2332 1743 2405 Eumenem
1778 2329 2049 2428 gerenti
2075 2330 2341 2407 auxilia

361 2451 568 2527 miffa
597 2451 851 2527 forent.

463 2575 779 2648 XLVII.
882 2569 1498 2671 Respondendum
1533 2572 1626 2645 ad
1646 2572 2161 2672 omniajuveni
2188 2596 2345 2653 turn

357 2694 764 2768 admodum
793 2692 1166 2768 Demetrio
1199 2713 1388 2779 erat3
1423 2716 1656 2789 quum
1682 2694 1876 2768 haud
1911 2692 2112 2770 facile
2146 2698 2336 2786 effer,

357 2834 486 2889 aut
511 2839 620 2902 ea,
647 2836 832 2911 quae
855 2810 1356 2909 objicerentur,
1389 2831 1514 2883 aut
1549 2836 1733 2909 quae
1758 2813 2085 2891 adversus
2118 2842 2201 2891 ea
2224 2816 2333 2891 di-

359 2934 592 3008 cenda
667 2953 887 3022 erant,
968 2930 1313 3008 memoria
1382 2930 1785 3029 complecti.
1918 2933 2079 3011 Nec
2144 2935 2339 3012 enim

361 3054 590 3129 multa
651 3052 909 3142 solum,
978 3053 1096 3128 sed
1145 3051 1358 3127 etiam
1411 3054 1747 3150 pleraque
1791 3052 2066 3151 oppido
2118 3082 2336 3154 quam

359 3200 572 3273 parva
622 3195 856 3249 erant:
911 3173 1000 3247 de
1037 3175 1496 3247 controversia
1545 3170 1831 3260 finium,
1886 3174 1978 3247 de
2024 3175 2336 3249 homini-

360 3296 496 3370 bus
532 3294 745 3391 raptis
771 3300 778 3306 ’
787 3290 1307 3393 pecoribusque
1361 3291 1652 3379 abactis,
1686 3293 1956 3390 dejure
1987 3316 2111 3369 aut
2139 3296 2335 3371 dieto

357 3439 486 3513 per
509 3413 888 3489 libidinem
922 3434 1043 3488 aut
1071 3438 1218 3485 non
1243 3410 1467 3500 disto,
1503 3413 1593 3486 de
1630 3415 1839 3488 rebus
1864 3440 1992 3512 per
2016 3414 2165 3489 vim
2208 3438 2335 3491 aut

355 3559 482 3633 per
505 3532 800 3633 gratiam
822 3532 1183 3629 judicatis,
1283 3530 1492 3607 Nihil
1523 3534 1781 3607 horum
1816 3560 2051 3631 neque
2074 3537 2337 3612 Deme·

359 3652 580 3729 trium
617 3654 868 3729 docere
903 3652 1249 3739 dilucide,
1311 3678 1442 3727 nec
1473 3650 1540 3726 se
1576 3651 1729 3727 satis
1754 3652 2036 3751 liquido
2072 3654 2333 3733 discere

355 3776 452 3849 ab
484 3798 573 3846 eo
605 3771 882 3849 senatus
911 3798 1144 3871 quum
1167 3792 1479 3847 cerneret
1531 3774 1768 3870 poffe3
1820 3776 2025 3849 fimul
2060 3780 2129 3851 δε
2165 3776 2331 3853 tiro-

359 3890 581 3981 ciniO,
627 3892 704 3965 &
728 3891 1252 3992 perturbatione
1269 3891 1555 3987 juvenis
1588 3915 1989 3969 moveretur
2008 3927 2035 3982 3
2084 3896 2329 3995 quaeri

349 4013 540 4108 juffit
583 4015 676 4087 ab
719 4038 836 4100 00,
885 4037 1188 4110 ecquem
1225 4012 1316 4085 de
1348 4010 1458 4085 his
1489 4014 1701 4087 rebus
1734 4016 2327 4092 commentarium

355 4156 402 4205 a
425 4151 616 4231 patre
641 4131 1058 4231 accepifl‘et?
1111 4136 1368 4232 Qum
1389 4130 1865 4231 respondisset,
1902 4144 1952 4179 “
1988 4135 2325 4233 accepisse
