3100 5359
805 733 928 810 ⁸70
1429 709 2065 784 T-vaxt

793 893 845 928 “
883 881 1260 982 inquifiss'e,
1293 903 1415 958 aut
1445 909 1639 958 nunc
1670 881 2043 958 criminose
2070 880 2539 982 argumentari
2568 881 2773 956 vide-

795 1013 846 1048 “
881 1027 1095 1092 retur,
1123 1025 1192 1078 te
1225 1029 1557 1102 quaerere
1592 1027 1677 1077 ex
1712 1002 1825 1088 iis,
1860 1027 2043 1102 quos
2076 1002 2519 1090 nominasset,
2556 1002 2773 1096 jube-

795 1133 848 1168 “
885 1127 1032 1212 bat,
1083 1149 1172 1196 an
1215 1121 1478 1198 ferrum
1525 1124 1978 1198 habuiffent?
2026 1143 2135 1210 ut,
2186 1143 2552 1221 tamquam
2586 1119 2663 1194 in
2696 1146 2777 1193 re

799 1254 850 1288 “
887 1243 1136 1332 dubia,
1187 1269 1420 1342 quum
1467 1241 1544 1318 id
1590 1241 1979 1339 quaefiffes,
2028 1243 2233 1341 quod
2276 1242 2400 1340 ipfi
2436 1240 2773 1327 fatentur,

799 1373 851 1408 “
887 1389 1018 1462 pro
1051 1361 1394 1438 convidtis
1421 1364 1867 1439 haberentur.
1968 1361 2171 1464 Qin
2208 1385 2286 1437 tu
2324 1361 2503 1436 illud
2527 1357 2777 1459 quaeri

801 1492 854 1527 “
876 1483 1114 1580 jubes,
1167 1509 1344 1558 num
1391 1483 1498 1558 tui
1533 1483 1917 1559 occidendi
1953 1485 2183 1557 cauffa
2215 1481 2481 1557 ferrum
2514 1477 2779 1553 sumse-

801 1613 854 1648 “
889 1601 1084 1677 rint?
1137 1629 1316 1678 num
1373 1629 1490 1678 me
1535 1605 1819 1680 auetore
1854 1607 1919 1677 δι
1959 1600 2271 1678 sciente?
2370 1603 2544 1676 Hoc
2578 1598 2781 1674 enirn

801 1731 852 1765 ‘⁴
888 1719 1114 1798 videri
1163 1721 1296 1810 vis»,
1347 1749 1490 1797 non
1547 1721 1757 1810 illud,
1810 1723 2013 1822 quod
2054 1721 2387 1810 fatentur,
2438 1725 2509 1796 δι·
2541 1721 2777 1818 palam

803 1851 856 1885 “
893 1839 1018 1928 est,
1104 1845 1172 1915 δε
1239 1839 1344 1914 sui
1401 1839 1468 1916 se
1529 1842 1779 1918 tuendi
1840 1845 2071 1916 cauffa
2130 1841 2429 1917 sumfifl‘e
2496 1839 2776 1916 dicunt.

803 1971 855 2005 “
892 1963 1147 2049 Reete,
1198 1987 1286 2034 an
1321 1985 1684 2060 perperam
1720 1960 2037 2050 fecerint,
2068 1963 2190 2061 ipfi
2226 1961 2331 2037 sui
2366 1960 2531 2036 faeti
2562 1958 2781 2034 ratio-

802 2090 854 2125 “
894 2107 1060 2156 nem
1115 2081 1435 2156 reddent.
1536 2081 1791 2156 Meam
1844 2085 2179 2172 caussam,
2224 2107 2409 2181 quae
2456 2080 2641 2156 nihil
2692 2103 2779 2154 eo

803 2209 856 2246 “
891 2197 1078 2274 faeto
1131 2199 1597 2301 contingitur,
1668 2227 1757 2275 ne
1811 2201 2217 2278 miscueris:
2293 2220 2419 2276 aut
2478 2201 2787 2300 explica,

805 2330 858 2364 “
893 2340 1140 2395 utrum
1194 2341 1452 2420 aperte,
1504 2347 1597 2398 an
1650 2323 1832 2396 clam
1880 2343 1948 2396 te
1991 2321 2375 2422 adgressuri
2408 2319 2783 2396 fuerimus.

807 2447 861 2484 “
897 2436 970 2514 Si
1024 2461 1287 2538 aperte,
1340 2466 1467 2515 cur
1519 2466 1666 2515 non
1724 2467 1973 2515 ornnes
2028 2440 2291 2516 ferrum
2338 2439 2783 2516 habuimus?

803 2568 857 2604 ‘⁶
891 2583 1020 2634 cur
1063 2585 1278 2632 nemo
1329 2580 1601 2658 praeter
1650 2585 1795 2647 eos»,
1847 2559 1975 2660 qui
2014 2583 2222 2636 tuum
2276 2560 2787 2660 speculatorem

807 2689 864 2723 “
895 2675 1302 2776 pulsarunt?
1333 2681 1379 2753 fi
1412 2680 1625 2770 clam,
1654 2679 1817 2778 quis
1844 2680 2023 2754 ordo
2050 2679 2316 2756 confilii
2345 2677 2485 2755 fuit
2509 2682 2538 2754 ?
2589 2681 2787 2754 Con-

807 2807 859 2844 “
894 2798 1090 2873 vivio
1137 2797 1390 2888 soluto,
1444 2824 1677 2900 quum
1713 2799 2111 2876 comissator
2142 2826 2281 2900 ego
2318 2799 2784 2889 disceffifl'em,

807 2929 860 2964 “
897 2939 1203 3020 quatuor
1241 2917 1718 3007 substitiffent3
1772 2939 1855 2997 ut
1886 2918 2193 3017 sopitum
2223 2941 2293 2998 te
2318 2921 2790 3021 adgrederen-

809 3049 864 3084 “
901 3041 1074 3114 tur?
1123 3039 1497 3138 quomodo
1529 3037 1951 3128 fefellissent,
2006 3043 2074 3114 δι
2108 3039 2350 3128 alieni,
2402 3044 2472 3114 ὅτ
2500 3039 2667 3128 mei,
2716 3045 2787 3114 δι

812 3167 866 3202 “
901 3157 1213 3234 maxime
1251 3157 1573 3257 suspeffl,
1626 3157 1798 3260 quia
1838 3161 2079 3259 paullo
2121 3181 2283 3234 ante
2318 3159 2391 3234 in
2438 3158 2593 3235 rixa
2632 3158 2791 3233 fue-

813 3288 868 3324 “
903 3279 1104 3354 rant?
1158 3281 1530 3377 quomodo
1564 3301 1836 3369 autem,
1872 3279 2226 3355 trucidato
2260 3301 2356 3369 te,
2392 3279 2515 3379 ipfi
2548 3277 2793 3355 evasu-

815 3408 870 3442 “
908 3397 964 3472 ri
998 3397 1304 3473 fuerint?
1341 3421 1649 3500 quatuor
1672 3399 1927 3502 gladiis
1956 3401 2216 3480 domus
2246 3421 2371 3476 tua
2389 3398 2545 3499 capi
2564 3399 2639 3472 &
2666 3425 2791 3475 ex·

816 3528 870 3563 ‘⁶
901 3517 1204 3618 pugnari
1229 3519 1506 3618 potuit.
1491 3521 1566 3576 >'’

917 3641 1085 3714 XV.
1185 3649 1236 3682 “
1273 3637 1476 3739 Qin
1526 3661 1633 3730 tu,
1684 3637 1931 3716 omissa
1980 3639 2109 3716 ista
2149 3643 2495 3717 noeturna
2524 3641 2795 3731 fabula,

823 3767 873 3804 ‘⁸
905 3759 996 3834 ad
1031 3757 1134 3847 id,
1186 3761 1388 3858 quod
1415 3762 1637 3848 doles,
1671 3761 1874 3861 quod
1899 3759 2245 3838 invidiam
2278 3761 2445 3852 urit,
2494 3783 2794 3838 reverte-

824 3889 878 3922 “
914 3877 1061 3953 ris?
1159 3881 1312 3954 Cur
1353 3876 1657 3978 usquam
1690 3879 1889 3981 regni
1924 3880 2031 3957 tui
2064 3879 2336 3957 mentio
2368 3883 2473 3969 fit,
2522 3881 2795 3958 Deme-

827 4008 880 4042 “
917 3997 1049 4072 tri?
1101 4023 1228 4072 cur
1247 3998 1536 4102 dignior
1565 3999 1779 4100 patris
1796 4000 2121 4078 fortunae
2141 4001 2481 4080 succeffor
2498 4002 2797 4102 quibus-

829 4128 880 4163 “
917 4119 1084 4195 dam
1109 4116 1394 4211 videris,
1417 4145 1639 4220 quam
1672 4123 1862 4224 ego?
1914 4119 2045 4200 cu‘r
2076 4121 2270 4224 spem
2294 4147 2559 4212 meam,
2580 4148 2797 4222 quae,
