<?xml version="1.0" encoding="UTF-8"?>
<!DOCTYPE html PUBLIC "-//W3C//DTD XHTML 1.0 Transitional//EN"
    "http://www.w3.org/TR/xhtml1/DTD/xhtml1-transitional.dtd">
<html xmlns="http://www.w3.org/1999/xhtml" xml:lang="en" lang="en">
 <head>
  <title>
</title>
<meta http-equiv="Content-Type" content="text/html;charset=utf-8" />
  <meta name='ocr-system' content='tesseract 3.04.00' />
  <meta name='ocr-capabilities' content='ocr_page ocr_carea ocr_par ocr_line ocrx_word'/>
</head>
<body>
  <div class='ocr_page' id='page_1' title='image "./tliviipatavinih01homegoog_0291.png"; bbox 0 0 3100 5359; ppageno 0'>
   <div class='ocr_carea' id='block_1_1' title="bbox 906 728 2366 827">
    <p class='ocr_par' dir='ltr' id='par_1_1' title="bbox 906 728 2366 827">
     <span class='ocr_line' id='line_1_1' title="bbox 906 728 2366 827; baseline -0.001 -23"><span class='ocrx_word' id='word_1_1' title='bbox 906 731 983 804; x_wconf 96' lang='lat' dir='ltr'>L</span> <span class='ocrx_word' id='word_1_2' title='bbox 1031 753 1062 803; x_wconf 85' lang='lat'>1</span> <span class='ocrx_word' id='word_1_3' title='bbox 1119 754 1162 803; x_wconf 72' lang='lat' dir='ltr'>a</span> <span class='ocrx_word' id='word_1_4' title='bbox 1221 752 1266 802; x_wconf 71' lang='grc' dir='ltr'><strong><em>Β</em></strong></span> <span class='ocrx_word' id='word_1_5' title='bbox 1321 752 1370 802; x_wconf 72' lang='lat' dir='ltr'>n</span> <span class='ocrx_word' id='word_1_6' title='bbox 1469 728 1833 803; x_wconf 88' lang='lat' dir='ltr'>XXXIX.</span> <span class='ocrx_word' id='word_1_7' title='bbox 2226 731 2366 827; x_wconf 82' lang='lat'>283</span> 
     </span>
    </p>
   </div>
   <div class='ocr_carea' id='block_1_2' title="bbox 385 899 2373 1969">
    <p class='ocr_par' dir='ltr' id='par_1_2' title="bbox 385 899 2373 1969">
     <span class='ocr_line' id='line_1_2' title="bbox 385 899 2367 990; baseline -0.003 -10"><span class='ocrx_word' id='word_1_8' title='bbox 385 915 444 952; x_wconf 83' lang='lat'><strong>“</strong></span> <span class='ocrx_word' id='word_1_9' title='bbox 478 907 616 980; x_wconf 83' lang='lat' dir='ltr'>bus</span> <span class='ocrx_word' id='word_1_10' title='bbox 669 903 764 977; x_wconf 88' lang='lat' dir='ltr'>ad</span> <span class='ocrx_word' id='word_1_11' title='bbox 815 901 1242 978; x_wconf 84' lang='lat' dir='ltr'>concionem</span> <span class='ocrx_word' id='word_1_12' title='bbox 1285 903 1616 990; x_wconf 71' lang='lat' dir='ltr'>vocaflet,</span> <span class='ocrx_word' id='word_1_13' title='bbox 1668 899 1846 976; x_wconf 87' lang='lat' dir='ltr'>forte</span> <span class='ocrx_word' id='word_1_14' title='bbox 1880 920 2145 976; x_wconf 87' lang='lat' dir='ltr'>temere</span> <span class='ocrx_word' id='word_1_15' title='bbox 2176 905 2367 976; x_wconf 77' lang='lat' dir='ltr'>co‘ire</span> 
     </span>
     <span class='ocr_line' id='line_1_3' title="bbox 385 1019 2367 1122; baseline -0.002 -22"><span class='ocrx_word' id='word_1_16' title='bbox 385 1035 440 1078; x_wconf 88' lang='lat'>-“</span> <span class='ocrx_word' id='word_1_17' title='bbox 472 1025 898 1100; x_wconf 83' lang='lat' dir='ltr'>voluerunt:</span> <span class='ocrx_word' id='word_1_18' title='bbox 952 1026 1050 1112; x_wconf 75' lang='grc' dir='ltr'>ὅτ,</span> <span class='ocrx_word' id='word_1_19' title='bbox 1107 1022 1559 1122; x_wconf 89' lang='lat' dir='ltr'>ubicumque</span> <span class='ocrx_word' id='word_1_20' title='bbox 1592 1020 1989 1096; x_wconf 87' lang='lat' dir='ltr'>multitudo</span> <span class='ocrx_word' id='word_1_21' title='bbox 2014 1023 2205 1108; x_wconf 83' lang='lat' dir='ltr'>effet,</span> <span class='ocrx_word' id='word_1_22' title='bbox 2260 1019 2367 1096; x_wconf 89' lang='lat' dir='ltr'>ibi</span> 
     </span>
     <span class='ocr_line' id='line_1_4' title="bbox 387 1139 2369 1244; baseline -0.001 -26"><span class='ocrx_word' id='word_1_23' title='bbox 387 1155 442 1188; x_wconf 88' lang='lat'>“</span> <span class='ocrx_word' id='word_1_24' title='bbox 479 1147 552 1218; x_wconf 86' lang='lat'>&amp;</span> <span class='ocrx_word' id='word_1_25' title='bbox 611 1142 1020 1244; x_wconf 85' lang='lat' dir='ltr'>legitimum</span> <span class='ocrx_word' id='word_1_26' title='bbox 1067 1147 1406 1219; x_wconf 71' lang='lat' dir='ltr'>rectorem</span> <span class='ocrx_word' id='word_1_27' title='bbox 1453 1141 1939 1218; x_wconf 84' lang='lat' dir='ltr'>multitudinis</span> <span class='ocrx_word' id='word_1_28' title='bbox 1989 1139 2369 1217; x_wconf 85' lang='lat' dir='ltr'>censebant</span> 
     </span>
     <span class='ocr_line' id='line_1_5' title="bbox 389 1264 2366 1367; baseline -0.001 -27"><span class='ocrx_word' id='word_1_29' title='bbox 389 1276 442 1311; x_wconf 90' lang='lat'><strong>“</strong></span> <span class='ocrx_word' id='word_1_30' title='bbox 481 1268 736 1342; x_wconf 85' lang='lat' dir='ltr'>debere</span> <span class='ocrx_word' id='word_1_31' title='bbox 771 1268 928 1340; x_wconf 85' lang='lat' dir='ltr'>effe.</span> <span class='ocrx_word' id='word_1_32' title='bbox 1027 1267 1294 1367; x_wconf 84' lang='lat' dir='ltr'>Qales</span> <span class='ocrx_word' id='word_1_33' title='bbox 1322 1264 1639 1364; x_wconf 88' lang='lat' dir='ltr'>primum</span> <span class='ocrx_word' id='word_1_34' title='bbox 1672 1267 2059 1338; x_wconf 68' lang='lat' dir='ltr'>nocturnos</span> <span class='ocrx_word' id='word_1_35' title='bbox 2090 1283 2366 1352; x_wconf 77' lang='lat' dir='ltr'>coetuS,</span> 
     </span>
     <span class='ocr_line' id='line_1_6' title="bbox 389 1384 2373 1486; baseline 0 -26"><span class='ocrx_word' id='word_1_36' title='bbox 389 1398 444 1432; x_wconf 81' lang='lat'>‘⁶</span> <span class='ocrx_word' id='word_1_37' title='bbox 482 1385 744 1461; x_wconf 90' lang='lat' dir='ltr'>deinde</span> <span class='ocrx_word' id='word_1_38' title='bbox 803 1385 1240 1486; x_wconf 87' lang='lat' dir='ltr'>promiscuos</span> <span class='ocrx_word' id='word_1_39' title='bbox 1294 1384 1681 1460; x_wconf 84' lang='lat' dir='ltr'>mulierum</span> <span class='ocrx_word' id='word_1_40' title='bbox 1729 1411 1811 1460; x_wconf 89' lang='lat' dir='ltr'>ac</span> <span class='ocrx_word' id='word_1_41' title='bbox 1854 1384 2173 1460; x_wconf 86' lang='lat' dir='ltr'>virorum</span> <span class='ocrx_word' id='word_1_42' title='bbox 2238 1387 2373 1460; x_wconf 75' lang='lat' dir='ltr'>efl&#39;e</span> 
     </span>
     <span class='ocr_line' id='line_1_7' title="bbox 392 1504 2368 1605; baseline 0 -24"><span class='ocrx_word' id='word_1_43' title='bbox 392 1517 446 1550; x_wconf 91' lang='lat'><strong>“</strong></span> <span class='ocrx_word' id='word_1_44' title='bbox 484 1506 822 1581; x_wconf 84' lang='lat' dir='ltr'>creditis?</span> <span class='ocrx_word' id='word_1_45' title='bbox 920 1506 1020 1596; x_wconf 90' lang='lat' dir='ltr'>Si,</span> <span class='ocrx_word' id='word_1_46' title='bbox 1073 1506 1342 1605; x_wconf 85' lang='lat' dir='ltr'>quibus</span> <span class='ocrx_word' id='word_1_47' title='bbox 1369 1506 1715 1582; x_wconf 86' lang='lat' dir='ltr'>aetatibus</span> <span class='ocrx_word' id='word_1_48' title='bbox 1742 1504 2115 1580; x_wconf 85' lang='lat' dir='ltr'>initientur</span> <span class='ocrx_word' id='word_1_49' title='bbox 2144 1529 2368 1581; x_wconf 84' lang='lat' dir='ltr'>mares</span> 
     </span>
     <span class='ocr_line' id='line_1_8' title="bbox 389 1625 2369 1715; baseline 0.001 -15"><span class='ocrx_word' id='word_1_50' title='bbox 389 1637 442 1671; x_wconf 89' lang='lat'><strong>“</strong></span> <span class='ocrx_word' id='word_1_51' title='bbox 481 1625 733 1713; x_wconf 81' lang='lat' dir='ltr'>sciatis,</span> <span class='ocrx_word' id='word_1_52' title='bbox 757 1653 904 1702; x_wconf 88' lang='lat' dir='ltr'>non</span> <span class='ocrx_word' id='word_1_53' title='bbox 937 1625 1258 1702; x_wconf 87' lang='lat' dir='ltr'>misereat</span> <span class='ocrx_word' id='word_1_54' title='bbox 1288 1652 1416 1700; x_wconf 83' lang='lat' dir='ltr'>vos</span> <span class='ocrx_word' id='word_1_55' title='bbox 1443 1651 1693 1702; x_wconf 87' lang='lat' dir='ltr'>eorum</span> <span class='ocrx_word' id='word_1_56' title='bbox 1725 1625 1981 1715; x_wconf 87' lang='lat' dir='ltr'>solum,</span> <span class='ocrx_word' id='word_1_57' title='bbox 2007 1625 2127 1701; x_wconf 91' lang='lat' dir='ltr'>sed</span> <span class='ocrx_word' id='word_1_58' title='bbox 2152 1625 2369 1701; x_wconf 85' lang='lat' dir='ltr'>etiam</span> 
     </span>
     <span class='ocr_line' id='line_1_9' title="bbox 394 1746 2369 1844; baseline 0 -25"><span class='ocrx_word' id='word_1_59' title='bbox 394 1757 448 1790; x_wconf 88' lang='lat'><strong>“</strong></span> <span class='ocrx_word' id='word_1_60' title='bbox 483 1749 776 1844; x_wconf 85' lang='lat' dir='ltr'>pudeat.</span> <span class='ocrx_word' id='word_1_61' title='bbox 879 1749 1054 1822; x_wconf 93' lang='lat' dir='ltr'>Hoc</span> <span class='ocrx_word' id='word_1_62' title='bbox 1085 1746 1514 1822; x_wconf 87' lang='lat' dir='ltr'>sacramento</span> <span class='ocrx_word' id='word_1_63' title='bbox 1536 1747 1845 1822; x_wconf 84' lang='lat' dir='ltr'>initiatos</span> <span class='ocrx_word' id='word_1_64' title='bbox 1858 1748 2161 1844; x_wconf 76' lang='lat' dir='ltr'>juvenes</span> <span class='ocrx_word' id='word_1_65' title='bbox 2182 1746 2369 1821; x_wconf 88' lang='lat' dir='ltr'>mili-</span> 
     </span>
     <span class='ocr_line' id='line_1_10' title="bbox 391 1865 2368 1969; baseline 0 -29"><span class='ocrx_word' id='word_1_66' title='bbox 391 1877 446 1912; x_wconf 88' lang='lat'><strong>“</strong></span> <span class='ocrx_word' id='word_1_67' title='bbox 485 1889 588 1941; x_wconf 85' lang='lat' dir='ltr'>tes</span> <span class='ocrx_word' id='word_1_68' title='bbox 616 1867 980 1943; x_wconf 87' lang='lat' dir='ltr'>faciendos</span> <span class='ocrx_word' id='word_1_69' title='bbox 1005 1866 1323 1955; x_wconf 87' lang='lat' dir='ltr'>censetis,</span> <span class='ocrx_word' id='word_1_70' title='bbox 1358 1867 1724 1969; x_wconf 84' lang='lat' dir='ltr'>Qirites?</span> <span class='ocrx_word' id='word_1_71' title='bbox 1776 1867 1863 1941; x_wconf 87' lang='lat' dir='ltr'>iis</span> <span class='ocrx_word' id='word_1_72' title='bbox 1886 1894 1977 1940; x_wconf 88' lang='lat' dir='ltr'>ex</span> <span class='ocrx_word' id='word_1_73' title='bbox 2010 1865 2368 1942; x_wconf 90' lang='lat' dir='ltr'>obscoeno</span> 
     </span>
    </p>
   </div>
   <div class='ocr_carea' id='block_1_3' title="bbox 271 1986 2371 2085">
    <p class='ocr_par' dir='ltr' id='par_1_3' title="bbox 271 1986 2371 2085">
     <span class='ocr_line' id='line_1_11' title="bbox 271 1986 2371 2085; baseline 0.002 -27"><span class='ocrx_word' id='word_1_74' title='bbox 271 2017 294 2036; x_wconf 88' lang='lat'><strong>·</strong></span> <span class='ocrx_word' id='word_1_75' title='bbox 393 1998 448 2034; x_wconf 78' lang='lat'>‘⁶</span> <span class='ocrx_word' id='word_1_76' title='bbox 485 1986 772 2062; x_wconf 86' lang='lat' dir='ltr'>sacrario</span> <span class='ocrx_word' id='word_1_77' title='bbox 791 1987 1068 2062; x_wconf 63' lang='lat' dir='ltr'>eductis</span> <span class='ocrx_word' id='word_1_78' title='bbox 1091 2015 1284 2064; x_wconf 87' lang='lat' dir='ltr'>arma</span> <span class='ocrx_word' id='word_1_79' title='bbox 1303 1988 1821 2064; x_wconf 86' lang='lat' dir='ltr'>committenda</span> <span class='ocrx_word' id='word_1_80' title='bbox 1846 1991 1875 2061; x_wconf 85' lang='lat'>?</span> <span class='ocrx_word' id='word_1_81' title='bbox 1925 1986 2029 2076; x_wconf 87' lang='lat' dir='ltr'>hi,</span> <span class='ocrx_word' id='word_1_82' title='bbox 2052 1987 2371 2085; x_wconf 85' lang='lat' dir='ltr'>cooperti</span> 
     </span>
    </p>
   </div>
   <div class='ocr_carea' id='block_1_4' title="bbox 391 2106 2489 3270">
    <p class='ocr_par' dir='ltr' id='par_1_4' title="bbox 391 2106 2372 2306">
     <span class='ocr_line' id='line_1_12' title="bbox 391 2106 2372 2208; baseline 0.001 -27"><span class='ocrx_word' id='word_1_83' title='bbox 391 2117 446 2169; x_wconf 64' lang='lat'>§⁶</span> <span class='ocrx_word' id='word_1_84' title='bbox 484 2106 738 2206; x_wconf 87' lang='lat' dir='ltr'>stupris</span> <span class='ocrx_word' id='word_1_85' title='bbox 782 2106 920 2182; x_wconf 86' lang='lat' dir='ltr'>suis</span> <span class='ocrx_word' id='word_1_86' title='bbox 951 2108 1362 2207; x_wconf 82' lang='lat' dir='ltr'>alienisque,</span> <span class='ocrx_word' id='word_1_87' title='bbox 1409 2135 1540 2208; x_wconf 85' lang='lat' dir='ltr'>pro</span> <span class='ocrx_word' id='word_1_88' title='bbox 1590 2107 1945 2208; x_wconf 81' lang='lat' dir='ltr'>pudicitia</span> <span class='ocrx_word' id='word_1_89' title='bbox 1976 2109 2372 2208; x_wconf 87' lang='lat' dir='ltr'>conjugum</span> 
     </span>
     <span class='ocr_line' id='line_1_13' title="bbox 395 2227 2126 2306; baseline 0.001 -5"><span class='ocrx_word' id='word_1_90' title='bbox 395 2237 448 2290; x_wconf 81' lang='lat'>·“</span> <span class='ocrx_word' id='word_1_91' title='bbox 485 2252 566 2302; x_wconf 87' lang='lat' dir='ltr'>ac</span> <span class='ocrx_word' id='word_1_92' title='bbox 602 2227 990 2304; x_wconf 87' lang='lat' dir='ltr'>liberorum</span> <span class='ocrx_word' id='word_1_93' title='bbox 1023 2231 1410 2305; x_wconf 87' lang='lat' dir='ltr'>vestrorum</span> <span class='ocrx_word' id='word_1_94' title='bbox 1443 2230 1623 2305; x_wconf 87' lang='lat' dir='ltr'>ferro</span> <span class='ocrx_word' id='word_1_95' title='bbox 1650 2233 2033 2306; x_wconf 77' lang='lat' dir='ltr'>decernent</span> <span class='ocrx_word' id='word_1_96' title='bbox 2049 2231 2126 2303; x_wconf 88' lang='lat'>?”</span> 
     </span>
    </p>

    <p class='ocr_par' dir='ltr' id='par_1_5' title="bbox 393 2349 2489 3270">
     <span class='ocr_line' id='line_1_14' title="bbox 493 2349 2368 2451; baseline 0 -27"><span class='ocrx_word' id='word_1_97' title='bbox 493 2350 698 2426; x_wconf 89' lang='lat' dir='ltr'>XVI.</span> <span class='ocrx_word' id='word_1_98' title='bbox 803 2361 854 2394; x_wconf 90' lang='lat'><strong>“</strong></span> <span class='ocrx_word' id='word_1_99' title='bbox 893 2351 1150 2423; x_wconf 82' lang='lat' dir='ltr'>Minus</span> <span class='ocrx_word' id='word_1_100' title='bbox 1188 2372 1428 2425; x_wconf 87' lang='lat' dir='ltr'>tamen</span> <span class='ocrx_word' id='word_1_101' title='bbox 1461 2355 1651 2440; x_wconf 88' lang='lat' dir='ltr'>effet,</span> <span class='ocrx_word' id='word_1_102' title='bbox 1688 2355 1733 2426; x_wconf 87' lang='lat' dir='ltr'>fi</span> <span class='ocrx_word' id='word_1_103' title='bbox 1766 2349 2054 2451; x_wconf 82' lang='lat' dir='ltr'>flagitiis</span> <span class='ocrx_word' id='word_1_104' title='bbox 2088 2369 2368 2425; x_wconf 87' lang='lat' dir='ltr'>tantum</span> 
     </span>
     <span class='ocr_line' id='line_1_15' title="bbox 393 2470 2371 2572; baseline 0 -26"><span class='ocrx_word' id='word_1_105' title='bbox 393 2481 448 2516; x_wconf 89' lang='lat'><strong>“</strong></span> <span class='ocrx_word' id='word_1_106' title='bbox 487 2471 872 2546; x_wconf 88' lang='lat' dir='ltr'>effeminati</span> <span class='ocrx_word' id='word_1_107' title='bbox 918 2471 1176 2559; x_wconf 87' lang='lat' dir='ltr'>forent,</span> <span class='ocrx_word' id='word_1_108' title='bbox 1237 2470 1581 2568; x_wconf 87' lang='lat' dir='ltr'>(ipsorum</span> <span class='ocrx_word' id='word_1_109' title='bbox 1630 2471 1709 2546; x_wconf 91' lang='lat' dir='ltr'>id</span> <span class='ocrx_word' id='word_1_110' title='bbox 1767 2497 2027 2572; x_wconf 85' lang='lat' dir='ltr'>magna</span> <span class='ocrx_word' id='word_1_111' title='bbox 2058 2491 2371 2569; x_wconf 84' lang='lat' dir='ltr'>exparte</span> 
     </span>
     <span class='ocr_line' id='line_1_16' title="bbox 395 2571 2489 2687; baseline 0 -21"><span class='ocrx_word' id='word_1_112' title='bbox 395 2603 448 2654; x_wconf 83' lang='lat'>-“</span> <span class='ocrx_word' id='word_1_113' title='bbox 484 2595 797 2668; x_wconf 88' lang='lat' dir='ltr'>dedecus</span> <span class='ocrx_word' id='word_1_114' title='bbox 833 2594 1006 2687; x_wconf 88' lang='lat' dir='ltr'>erat)</span> <span class='ocrx_word' id='word_1_115' title='bbox 1056 2619 1096 2666; x_wconf 86' lang='lat' dir='ltr'>a</span> <span class='ocrx_word' id='word_1_116' title='bbox 1147 2591 1585 2667; x_wconf 83' lang='lat' dir='ltr'>facinoribus</span> <span class='ocrx_word' id='word_1_117' title='bbox 1624 2617 1905 2680; x_wconf 72' lang='lat' dir='ltr'>manua,</span> <span class='ocrx_word' id='word_1_118' title='bbox 1960 2611 2276 2667; x_wconf 77' lang='lat' dir='ltr'>mentem</span> <span class='ocrx_word' id='word_1_119' title='bbox 2329 2617 2373 2667; x_wconf 89' lang='lat' dir='ltr'>a</span> <span class='ocrx_word' id='word_1_120' title='bbox 2478 2571 2489 2580; x_wconf 45' lang='grc'><strong>’</strong></span> 
     </span>
     <span class='ocr_line' id='line_1_17' title="bbox 394 2711 2374 2812; baseline 0.001 -26"><span class='ocrx_word' id='word_1_121' title='bbox 394 2723 450 2769; x_wconf 86' lang='lat'>·“</span> <span class='ocrx_word' id='word_1_122' title='bbox 485 2713 858 2788; x_wconf 86' lang='lat' dir='ltr'>fraudibus</span> <span class='ocrx_word' id='word_1_123' title='bbox 941 2711 1446 2787; x_wconf 84' lang='lat' dir='ltr'>abstinuiffent.</span> <span class='ocrx_word' id='word_1_124' title='bbox 1576 2717 2008 2812; x_wconf 84' lang='lat' dir='ltr'>Numquam</span> <span class='ocrx_word' id='word_1_125' title='bbox 2092 2733 2374 2788; x_wconf 87' lang='lat' dir='ltr'>tantum</span> 
     </span>
     <span class='ocr_line' id='line_1_18' title="bbox 395 2832 2375 2933; baseline -0.001 -23"><span class='ocrx_word' id='word_1_126' title='bbox 395 2843 454 2880; x_wconf 89' lang='lat'><strong>“</strong></span> <span class='ocrx_word' id='word_1_127' title='bbox 491 2837 760 2910; x_wconf 83' lang='lat' dir='ltr'>malum</span> <span class='ocrx_word' id='word_1_128' title='bbox 809 2835 884 2906; x_wconf 91' lang='lat' dir='ltr'>in</span> <span class='ocrx_word' id='word_1_129' title='bbox 919 2832 1284 2933; x_wconf 84' lang='lat' dir='ltr'>republica</span> <span class='ocrx_word' id='word_1_130' title='bbox 1315 2833 1480 2923; x_wconf 90' lang='lat' dir='ltr'>fuit,</span> <span class='ocrx_word' id='word_1_131' title='bbox 1544 2857 1679 2909; x_wconf 89' lang='lat' dir='ltr'>nec</span> <span class='ocrx_word' id='word_1_132' title='bbox 1710 2835 1805 2908; x_wconf 89' lang='lat' dir='ltr'>ad</span> <span class='ocrx_word' id='word_1_133' title='bbox 1832 2837 2093 2933; x_wconf 81' lang='lat' dir='ltr'>plures,</span> <span class='ocrx_word' id='word_1_134' title='bbox 2124 2861 2255 2910; x_wconf 86' lang='lat' dir='ltr'>nec</span> <span class='ocrx_word' id='word_1_135' title='bbox 2280 2835 2375 2909; x_wconf 89' lang='lat' dir='ltr'>ad</span> 
     </span>
     <span class='ocr_line' id='line_1_19' title="bbox 394 2953 2371 3054; baseline 0.001 -27"><span class='ocrx_word' id='word_1_136' title='bbox 394 2965 448 3000; x_wconf 73' lang='lat'>‘⁸</span> <span class='ocrx_word' id='word_1_137' title='bbox 487 2958 688 3054; x_wconf 88' lang='lat' dir='ltr'>plura</span> <span class='ocrx_word' id='word_1_138' title='bbox 740 2953 1119 3052; x_wconf 87' lang='lat' dir='ltr'>pertinens.</span> <span class='ocrx_word' id='word_1_139' title='bbox 1218 2954 1607 3054; x_wconf 83' lang='lat' dir='ltr'>Qidquid</span> <span class='ocrx_word' id='word_1_140' title='bbox 1656 2954 1771 3028; x_wconf 91' lang='lat' dir='ltr'>his</span> <span class='ocrx_word' id='word_1_141' title='bbox 1802 2953 2005 3030; x_wconf 80' lang='lat' dir='ltr'>annis</span> <span class='ocrx_word' id='word_1_142' title='bbox 2040 2953 2371 3042; x_wconf 89' lang='lat' dir='ltr'>libidine,</span> 
     </span>
     <span class='ocr_line' id='line_1_20' title="bbox 397 3073 2372 3174; baseline 0.001 -27"><span class='ocrx_word' id='word_1_143' title='bbox 397 3085 452 3120; x_wconf 86' lang='lat'>“</span> <span class='ocrx_word' id='word_1_144' title='bbox 489 3075 854 3173; x_wconf 90' lang='lat' dir='ltr'>quidquid</span> <span class='ocrx_word' id='word_1_145' title='bbox 877 3075 1147 3163; x_wconf 86' lang='lat' dir='ltr'>fraude,</span> <span class='ocrx_word' id='word_1_146' title='bbox 1177 3074 1542 3174; x_wconf 89' lang='lat' dir='ltr'>quidquid</span> <span class='ocrx_word' id='word_1_147' title='bbox 1570 3073 1819 3150; x_wconf 87' lang='lat' dir='ltr'>scelere</span> <span class='ocrx_word' id='word_1_148' title='bbox 1841 3096 2220 3174; x_wconf 89' lang='lat' dir='ltr'>peccatum</span> <span class='ocrx_word' id='word_1_149' title='bbox 2245 3074 2372 3162; x_wconf 89' lang='lat' dir='ltr'>est,</span> 
     </span>
     <span class='ocr_line' id='line_1_21' title="bbox 397 3192 2377 3270; baseline 0 0"><span class='ocrx_word' id='word_1_150' title='bbox 397 3206 455 3242; x_wconf 88' lang='lat'>“</span> <span class='ocrx_word' id='word_1_151' title='bbox 491 3221 582 3270; x_wconf 82' lang='lat' dir='ltr'>ex</span> <span class='ocrx_word' id='word_1_152' title='bbox 602 3195 726 3269; x_wconf 86' lang='lat' dir='ltr'>illo</span> <span class='ocrx_word' id='word_1_153' title='bbox 750 3221 900 3270; x_wconf 90' lang='lat' dir='ltr'>uno</span> <span class='ocrx_word' id='word_1_154' title='bbox 923 3194 1212 3270; x_wconf 86' lang='lat' dir='ltr'>sacrario</span> <span class='ocrx_word' id='word_1_155' title='bbox 1239 3192 1482 3270; x_wconf 90' lang='lat' dir='ltr'>scitote</span> <span class='ocrx_word' id='word_1_156' title='bbox 1508 3215 1751 3270; x_wconf 87' lang='lat' dir='ltr'>ortum</span> <span class='ocrx_word' id='word_1_157' title='bbox 1777 3198 1934 3270; x_wconf 80' lang='lat' dir='ltr'>effe.</span> <span class='ocrx_word' id='word_1_158' title='bbox 2029 3197 2377 3270; x_wconf 84' lang='lat' dir='ltr'>Necdum</span> 
     </span>
    </p>
   </div>
   <div class='ocr_carea' id='block_1_5' title="bbox 279 3313 2379 3415">
    <p class='ocr_par' dir='ltr' id='par_1_6' title="bbox 279 3313 2379 3415">
     <span class='ocr_line' id='line_1_22' title="bbox 279 3313 2379 3415; baseline 0.003 -31"><span class='ocrx_word' id='word_1_159' title='bbox 279 3379 284 3384; x_wconf 88' lang='lat'><em>.</em></span> <span class='ocrx_word' id='word_1_160' title='bbox 395 3326 450 3380; x_wconf 56' lang='grc' dir='ltr'><strong><em>β</em></strong></span> <span class='ocrx_word' id='word_1_161' title='bbox 487 3315 753 3404; x_wconf 85' lang='lat' dir='ltr'>omnia,</span> <span class='ocrx_word' id='word_1_162' title='bbox 810 3318 886 3390; x_wconf 89' lang='lat' dir='ltr'>in</span> <span class='ocrx_word' id='word_1_163' title='bbox 950 3343 1134 3415; x_wconf 88' lang='lat' dir='ltr'>quac</span> <span class='ocrx_word' id='word_1_164' title='bbox 1181 3317 1758 3414; x_wconf 82' lang='lat' dir='ltr'>conjuraverunt,</span> <span class='ocrx_word' id='word_1_165' title='bbox 1816 3314 2015 3390; x_wconf 82' lang='lat' dir='ltr'>edita.</span> <span class='ocrx_word' id='word_1_166' title='bbox 2064 3313 2379 3391; x_wconf 72' lang='lat' dir='ltr'>facinora</span> 
     </span>
    </p>
   </div>
   <div class='ocr_carea' id='block_1_6' title="bbox 395 3435 2378 4260">
    <p class='ocr_par' dir='ltr' id='par_1_7' title="bbox 395 3435 2378 4260">
     <span class='ocr_line' id='line_1_23' title="bbox 395 3435 2378 3536; baseline 0.004 -33"><span class='ocrx_word' id='word_1_167' title='bbox 395 3446 451 3503; x_wconf 82' lang='lat'>.“</span> <span class='ocrx_word' id='word_1_168' title='bbox 489 3437 773 3512; x_wconf 85' lang='lat' dir='ltr'>habent.</span> <span class='ocrx_word' id='word_1_169' title='bbox 872 3440 1142 3511; x_wconf 90' lang='lat' dir='ltr'>Adhuc</span> <span class='ocrx_word' id='word_1_170' title='bbox 1195 3436 1480 3536; x_wconf 86' lang='lat' dir='ltr'>privatis</span> <span class='ocrx_word' id='word_1_171' title='bbox 1525 3435 1786 3524; x_wconf 83' lang='lat' dir='ltr'>noxiis,</span> <span class='ocrx_word' id='word_1_172' title='bbox 1832 3435 2006 3535; x_wconf 84' lang='lat' dir='ltr'>quia</span> <span class='ocrx_word' id='word_1_173' title='bbox 2044 3437 2378 3512; x_wconf 84' lang='lat' dir='ltr'>nondum</span> 
     </span>
     <span class='ocr_line' id='line_1_24' title="bbox 399 3556 2373 3656; baseline 0.002 -26"><span class='ocrx_word' id='word_1_174' title='bbox 399 3567 456 3614; x_wconf 89' lang='lat'>-“</span> <span class='ocrx_word' id='word_1_175' title='bbox 491 3559 584 3630; x_wconf 87' lang='lat' dir='ltr'>ad</span> <span class='ocrx_word' id='word_1_176' title='bbox 625 3557 1142 3656; x_wconf 85' lang='lat' dir='ltr'>rempublicam</span> <span class='ocrx_word' id='word_1_177' title='bbox 1176 3557 1726 3656; x_wconf 85' lang='lat' dir='ltr'>obprimendam</span> <span class='ocrx_word' id='word_1_178' title='bbox 1762 3556 1917 3631; x_wconf 90' lang='lat' dir='ltr'>satis</span> <span class='ocrx_word' id='word_1_179' title='bbox 1948 3556 2213 3632; x_wconf 85' lang='lat' dir='ltr'>virium</span> <span class='ocrx_word' id='word_1_180' title='bbox 2247 3559 2373 3648; x_wconf 92' lang='lat' dir='ltr'>est,</span> 
     </span>
     <span class='ocr_line' id='line_1_25' title="bbox 401 3676 2378 3778; baseline 0.002 -28"><span class='ocrx_word' id='word_1_181' title='bbox 401 3687 456 3722; x_wconf 88' lang='lat'><strong><em>“</em></strong></span> <span class='ocrx_word' id='word_1_182' title='bbox 494 3679 888 3774; x_wconf 87' lang='lat' dir='ltr'>conjuratio</span> <span class='ocrx_word' id='word_1_183' title='bbox 949 3677 1084 3753; x_wconf 89' lang='lat' dir='ltr'>sese</span> <span class='ocrx_word' id='word_1_184' title='bbox 1147 3677 1342 3776; x_wconf 85' lang='lat' dir='ltr'>inpia</span> <span class='ocrx_word' id='word_1_185' title='bbox 1402 3699 1618 3753; x_wconf 90' lang='lat' dir='ltr'>tenet.</span> <span class='ocrx_word' id='word_1_186' title='bbox 1718 3676 1983 3753; x_wconf 87' lang='lat' dir='ltr'>Crescit</span> <span class='ocrx_word' id='word_1_187' title='bbox 2044 3677 2123 3750; x_wconf 71' lang='grc' dir='ltr'>δι</span> <span class='ocrx_word' id='word_1_188' title='bbox 2168 3676 2378 3778; x_wconf 87' lang='lat' dir='ltr'>serpit</span> 
     </span>
     <span class='ocr_line' id='line_1_26' title="bbox 401 3798 2377 3897; baseline 0.002 -25"><span class='ocrx_word' id='word_1_189' title='bbox 401 3809 455 3844; x_wconf 87' lang='lat'><strong>“</strong></span> <span class='ocrx_word' id='word_1_190' title='bbox 492 3799 819 3897; x_wconf 87' lang='lat' dir='ltr'>quotidie</span> <span class='ocrx_word' id='word_1_191' title='bbox 868 3801 1164 3872; x_wconf 88' lang='lat' dir='ltr'>malum.</span> <span class='ocrx_word' id='word_1_192' title='bbox 1263 3801 1428 3894; x_wconf 89' lang='lat' dir='ltr'>Jam</span> <span class='ocrx_word' id='word_1_193' title='bbox 1459 3799 1687 3896; x_wconf 86' lang='lat' dir='ltr'>majus</span> <span class='ocrx_word' id='word_1_194' title='bbox 1709 3798 1837 3887; x_wconf 92' lang='lat' dir='ltr'>est,</span> <span class='ocrx_word' id='word_1_195' title='bbox 1899 3824 2118 3896; x_wconf 87' lang='lat' dir='ltr'>quarn</span> <span class='ocrx_word' id='word_1_196' title='bbox 2151 3819 2235 3873; x_wconf 92' lang='lat' dir='ltr'>ut</span> <span class='ocrx_word' id='word_1_197' title='bbox 2262 3825 2377 3876; x_wconf 85' lang='lat' dir='ltr'>ca-</span> 
     </span>
     <span class='ocr_line' id='line_1_27' title="bbox 402 3917 2376 4018; baseline 0.001 -26"><span class='ocrx_word' id='word_1_198' title='bbox 402 3930 454 3963; x_wconf 89' lang='lat'>“</span> <span class='ocrx_word' id='word_1_199' title='bbox 491 3945 652 4016; x_wconf 85' lang='lat' dir='ltr'>pere</span> <span class='ocrx_word' id='word_1_200' title='bbox 683 3919 758 3994; x_wconf 91' lang='lat' dir='ltr'>id</span> <span class='ocrx_word' id='word_1_201' title='bbox 791 3919 1061 4018; x_wconf 86' lang='lat' dir='ltr'>privata</span> <span class='ocrx_word' id='word_1_202' title='bbox 1083 3918 1364 3994; x_wconf 88' lang='lat' dir='ltr'>fortuna</span> <span class='ocrx_word' id='word_1_203' title='bbox 1399 3923 1639 4017; x_wconf 86' lang='lat' dir='ltr'>poffit:</span> <span class='ocrx_word' id='word_1_204' title='bbox 1690 3920 1783 3993; x_wconf 87' lang='lat' dir='ltr'>ad</span> <span class='ocrx_word' id='word_1_205' title='bbox 1818 3917 2165 3994; x_wconf 86' lang='lat' dir='ltr'>summam</span> <span class='ocrx_word' id='word_1_206' title='bbox 2192 3943 2376 3994; x_wconf 88' lang='lat' dir='ltr'>rem-</span> 
     </span>
     <span class='ocr_line' id='line_1_28' title="bbox 405 4037 2376 4141; baseline 0 -28"><span class='ocrx_word' id='word_1_207' title='bbox 405 4050 458 4083; x_wconf 88' lang='lat'><strong>“</strong></span> <span class='ocrx_word' id='word_1_208' title='bbox 493 4041 860 4138; x_wconf 85' lang='lat' dir='ltr'>publicam</span> <span class='ocrx_word' id='word_1_209' title='bbox 913 4037 1195 4138; x_wconf 63' lang='lat' dir='ltr'>spectat.</span> <span class='ocrx_word' id='word_1_210' title='bbox 1295 4038 1452 4115; x_wconf 81' lang='lat' dir='ltr'>Nifi</span> <span class='ocrx_word' id='word_1_211' title='bbox 1509 4039 1963 4138; x_wconf 74' lang='lat' dir='ltr'>praecavetiS,</span> <span class='ocrx_word' id='word_1_212' title='bbox 2030 4038 2376 4141; x_wconf 77' lang='lat' dir='ltr'>QiriteS,</span> 
     </span>
     <span class='ocr_line' id='line_1_29' title="bbox 402 4159 2371 4260; baseline 0.001 -26"><span class='ocrx_word' id='word_1_213' title='bbox 402 4171 456 4234; x_wconf 56' lang='grc' dir='ltr'>θ’</span> <span class='ocrx_word' id='word_1_214' title='bbox 479 4161 633 4260; x_wconf 87' lang='lat' dir='ltr'>jam</span> <span class='ocrx_word' id='word_1_215' title='bbox 667 4160 840 4237; x_wconf 86' lang='lat' dir='ltr'>huic</span> <span class='ocrx_word' id='word_1_216' title='bbox 873 4160 1194 4250; x_wconf 80' lang='lat' dir='ltr'>diurnae,</span> <span class='ocrx_word' id='word_1_217' title='bbox 1231 4159 1550 4260; x_wconf 86' lang='lat' dir='ltr'>legitime</span> <span class='ocrx_word' id='word_1_218' title='bbox 1578 4164 1670 4235; x_wconf 86' lang='lat' dir='ltr'>ab</span> <span class='ocrx_word' id='word_1_219' title='bbox 1720 4160 2007 4238; x_wconf 87' lang='lat' dir='ltr'>consule</span> <span class='ocrx_word' id='word_1_220' title='bbox 2054 4181 2371 4248; x_wconf 80' lang='lat' dir='ltr'>vocatae,</span> 
     </span>
    </p>
   </div>
   <div class='ocr_carea' id='block_1_7' title="bbox 3055 1935 3100 4195">
    <p class='ocr_par' dir='ltr' id='par_1_8' title="bbox 3055 1935 3100 4195">
     <span class='ocr_line' id='line_1_30' title="bbox 3055 1935 3100 4195; baseline 0 0"><span class='ocrx_word' id='word_1_221' title='bbox 3055 1935 3100 4195; x_wconf 95' lang='lat' dir='ltr'> </span> 
     </span>
    </p>
   </div>
  </div>
 </body>
</html>
