<?xml version="1.0" encoding="UTF-8"?>
<!DOCTYPE html PUBLIC "-//W3C//DTD XHTML 1.0 Transitional//EN"
    "http://www.w3.org/TR/xhtml1/DTD/xhtml1-transitional.dtd">
<html xmlns="http://www.w3.org/1999/xhtml" xml:lang="en" lang="en">
 <head>
  <title>
</title>
<meta http-equiv="Content-Type" content="text/html;charset=utf-8" />
  <meta name='ocr-system' content='tesseract 3.04.00' />
  <meta name='ocr-capabilities' content='ocr_page ocr_carea ocr_par ocr_line ocrx_word'/>
</head>
<body>
  <div class='ocr_page' id='page_1' title='image "./tliviipatavinih01homegoog_0190.png"; bbox 0 0 3100 5359; ppageno 0'>
   <div class='ocr_carea' id='block_1_1' title="bbox 807 659 2089 737">
    <p class='ocr_par' dir='ltr' id='par_1_1' title="bbox 807 659 2089 737">
     <span class='ocr_line' id='line_1_1' title="bbox 807 659 2089 737; baseline -0.002 0"><span class='ocrx_word' id='word_1_1' title='bbox 807 665 939 737; x_wconf 85' lang='lat'><strong>182</strong></span> <span class='ocrx_word' id='word_1_2' title='bbox 1287 707 1294 712; x_wconf 86' lang='lat'>-</span> <span class='ocrx_word' id='word_1_3' title='bbox 1463 659 2089 735; x_wconf 81' lang='lat' dir='ltr'>T.L1v11</span> 
     </span>
    </p>
   </div>
   <div class='ocr_carea' id='block_1_2' title="bbox 783 850 2749 4165">
    <p class='ocr_par' dir='ltr' id='par_1_2' title="bbox 793 850 2749 1665">
     <span class='ocr_line' id='line_1_2' title="bbox 793 850 2741 957; baseline 0.003 -28"><span class='ocrx_word' id='word_1_4' title='bbox 793 854 1122 930; x_wconf 85' lang='lat' dir='ltr'><strong>mendata</strong></span> <span class='ocrx_word' id='word_1_5' title='bbox 1145 851 1230 926; x_wconf 81' lang='lat' dir='ltr'><strong>iis</strong></span> <span class='ocrx_word' id='word_1_6' title='bbox 1253 851 1573 927; x_wconf 88' lang='lat' dir='ltr'><strong>custodia</strong></span> <span class='ocrx_word' id='word_1_7' title='bbox 1596 855 1943 951; x_wconf 76' lang='lat' dir='ltr'>Pergami,</span> <span class='ocrx_word' id='word_1_8' title='bbox 1962 877 2143 950; x_wconf 88' lang='lat' dir='ltr'><strong>quos</strong></span> <span class='ocrx_word' id='word_1_9' title='bbox 2166 850 2353 930; x_wconf 77' lang='lat' dir='ltr'><strong>fratri</strong></span> <span class='ocrx_word' id='word_1_10' title='bbox 2372 877 2741 957; x_wconf 86' lang='lat' dir='ltr'><strong>regnoque</strong></span> 
     </span>
     <span class='ocr_line' id='line_1_3' title="bbox 798 971 2749 1071; baseline 0.003 -23"><span class='ocrx_word' id='word_1_11' title='bbox 798 977 981 1048; x_wconf 81' lang='lat' dir='ltr'><strong>fidos</strong></span> <span class='ocrx_word' id='word_1_12' title='bbox 1015 973 1367 1047; x_wconf 86' lang='lat' dir='ltr'><strong>credebat.</strong></span> <span class='ocrx_word' id='word_1_13' title='bbox 1457 971 1748 1060; x_wconf 87' lang='lat' dir='ltr'><strong>Consul,</strong></span> <span class='ocrx_word' id='word_1_14' title='bbox 1796 975 2214 1049; x_wconf 85' lang='lat' dir='ltr'><strong>conlaudato</strong></span> <span class='ocrx_word' id='word_1_15' title='bbox 2234 976 2525 1071; x_wconf 82' lang='lat' dir='ltr'><strong>juvene,</strong></span> <span class='ocrx_word' id='word_1_16' title='bbox 2572 1001 2749 1053; x_wconf 87' lang='lat' dir='ltr'><strong>cum</strong></span> 
     </span>
     <span class='ocr_line' id='line_1_4' title="bbox 797 1087 2749 1192; baseline 0.002 -25"><span class='ocrx_word' id='word_1_17' title='bbox 797 1093 1130 1167; x_wconf 87' lang='lat' dir='ltr'><strong>omnibus</strong></span> <span class='ocrx_word' id='word_1_18' title='bbox 1159 1089 1382 1189; x_wconf 88' lang='lat' dir='ltr'><strong>copiis</strong></span> <span class='ocrx_word' id='word_1_19' title='bbox 1419 1092 1508 1164; x_wconf 88' lang='lat' dir='ltr'><strong>ad</strong></span> <span class='ocrx_word' id='word_1_20' title='bbox 1545 1087 2033 1166; x_wconf 84' lang='lat' dir='ltr'>Maeandrum</span> <span class='ocrx_word' id='word_1_21' title='bbox 2067 1095 2481 1192; x_wconf 70' lang='lat' dir='ltr'><strong>progreffuS,</strong></span> <span class='ocrx_word' id='word_1_22' title='bbox 2528 1096 2749 1172; x_wconf 86' lang='lat' dir='ltr'><strong>castra</strong></span> 
     </span>
     <span class='ocr_line' id='line_1_5' title="bbox 793 1208 2747 1311; baseline 0.003 -27"><span class='ocrx_word' id='word_1_23' title='bbox 793 1210 1053 1311; x_wconf 81' lang='lat' dir='ltr'><strong>posuit,</strong></span> <span class='ocrx_word' id='word_1_24' title='bbox 1101 1209 1272 1307; x_wconf 87' lang='lat' dir='ltr'><strong>quia</strong></span> <span class='ocrx_word' id='word_1_25' title='bbox 1307 1211 1491 1282; x_wconf 83' lang='lat' dir='ltr'><strong>vado</strong></span> <span class='ocrx_word' id='word_1_26' title='bbox 1524 1208 1824 1307; x_wconf 83' lang='lat' dir='ltr'><strong>superari</strong></span> <span class='ocrx_word' id='word_1_27' title='bbox 1862 1209 2089 1286; x_wconf 83' lang='lat' dir='ltr'><strong>am‘nis</strong></span> <span class='ocrx_word' id='word_1_28' title='bbox 2140 1235 2283 1286; x_wconf 90' lang='lat' dir='ltr'><strong>non</strong></span> <span class='ocrx_word' id='word_1_29' title='bbox 2326 1233 2625 1310; x_wconf 82' lang='lat' dir='ltr'><strong>poterat,</strong></span> <span class='ocrx_word' id='word_1_30' title='bbox 2664 1217 2747 1288; x_wconf 76' lang='grc' dir='ltr'><strong>δε</strong></span> 
     </span>
     <span class='ocr_line' id='line_1_6' title="bbox 797 1329 2749 1430; baseline 0.003 -27"><span class='ocrx_word' id='word_1_31' title='bbox 797 1329 1310 1404; x_wconf 63' lang='lat' dir='ltr'><strong>contrahendae</strong></span> <span class='ocrx_word' id='word_1_32' title='bbox 1341 1351 1548 1402; x_wconf 84' lang='lat' dir='ltr'><strong>naves</strong></span> <span class='ocrx_word' id='word_1_33' title='bbox 1596 1349 1789 1402; x_wconf 89' lang='lat' dir='ltr'><strong>erant</strong></span> <span class='ocrx_word' id='word_1_34' title='bbox 1828 1331 1917 1402; x_wconf 86' lang='lat' dir='ltr'><strong>ad</strong></span> <span class='ocrx_word' id='word_1_35' title='bbox 1964 1329 2353 1406; x_wconf 79' lang='lat' dir='ltr'><strong>exercitum</strong></span> <span class='ocrx_word' id='word_1_36' title='bbox 2402 1333 2749 1430; x_wconf 86' lang='lat' dir='ltr'><strong>trajicien-</strong></span> 
     </span>
     <span class='ocr_line' id='line_1_7' title="bbox 793 1440 2741 1546; baseline 0.003 -24"><span class='ocrx_word' id='word_1_37' title='bbox 793 1449 997 1522; x_wconf 86' lang='lat' dir='ltr'><strong>dum.</strong></span> <span class='ocrx_word' id='word_1_38' title='bbox 1091 1446 1514 1546; x_wconf 81' lang='lat' dir='ltr'><strong>Transgreffi</strong></span> <span class='ocrx_word' id='word_1_39' title='bbox 1549 1440 2027 1524; x_wconf 79' lang='lat' dir='ltr'><strong>Maeandrum</strong></span> <span class='ocrx_word' id='word_1_40' title='bbox 2046 1445 2137 1524; x_wconf 89' lang='lat' dir='ltr'><strong>ad</strong></span> <span class='ocrx_word' id='word_1_41' title='bbox 2164 1448 2439 1526; x_wconf 87' lang='lat' dir='ltr'><strong>Hieran</strong></span> <span class='ocrx_word' id='word_1_42' title='bbox 2460 1450 2741 1530; x_wconf 85' lang='lat' dir='ltr'><strong>Comen</strong></span> 
     </span>
     <span class='ocr_line' id='line_1_8' title="bbox 793 1585 1280 1665; baseline 0.004 -25"><span class='ocrx_word' id='word_1_43' title='bbox 793 1585 1280 1665; x_wconf 85' lang='lat' dir='ltr'><strong>pervenerunt.</strong></span> 
     </span>
    </p>

    <p class='ocr_par' dir='ltr' id='par_1_3' title="bbox 783 1686 2743 4165">
     <span class='ocr_line' id='line_1_9' title="bbox 811 1686 2743 1786; baseline 0.003 -26"><span class='ocrx_word' id='word_1_44' title='bbox 811 1697 836 1708; x_wconf 60' lang='lat'>⁶</span> <span class='ocrx_word' id='word_1_45' title='bbox 880 1689 1096 1760; x_wconf 78' lang='lat' dir='ltr'><strong>XIII.</strong></span> <span class='ocrx_word' id='word_1_46' title='bbox 1198 1689 1475 1762; x_wconf 82' lang='lat' dir='ltr'><strong>Fanum</strong></span> <span class='ocrx_word' id='word_1_47' title='bbox 1521 1686 1623 1761; x_wconf 90' lang='lat' dir='ltr'><strong>ibi</strong></span> <span class='ocrx_word' id='word_1_48' title='bbox 1668 1687 2049 1786; x_wconf 83' lang='lat' dir='ltr'><strong>augustum</strong></span> <span class='ocrx_word' id='word_1_49' title='bbox 2098 1687 2453 1785; x_wconf 80' lang='lat' dir='ltr'><strong>Apollinis</strong></span> <span class='ocrx_word' id='word_1_50' title='bbox 2488 1693 2559 1763; x_wconf 76' lang='grc' dir='ltr'><strong>δε</strong></span> <span class='ocrx_word' id='word_1_51' title='bbox 2592 1712 2743 1766; x_wconf 84' lang='lat' dir='ltr'><strong>ora-</strong></span> 
     </span>
     <span class='ocr_line' id='line_1_10' title="bbox 794 1803 2741 1886; baseline 0.002 -5"><span class='ocrx_word' id='word_1_52' title='bbox 794 1807 1085 1881; x_wconf 83' lang='lat' dir='ltr'><strong>culum:</strong></span> <span class='ocrx_word' id='word_1_53' title='bbox 1141 1803 1348 1881; x_wconf 85' lang='lat' dir='ltr'>sortes</span> <span class='ocrx_word' id='word_1_54' title='bbox 1380 1809 1685 1881; x_wconf 81' lang='lat' dir='ltr'><strong>verfibus</strong></span> <span class='ocrx_word' id='word_1_55' title='bbox 1717 1807 1909 1880; x_wconf 88' lang='lat' dir='ltr'><strong>haud</strong></span> <span class='ocrx_word' id='word_1_56' title='bbox 1941 1805 2321 1882; x_wconf 82' lang='lat' dir='ltr'><strong>inconditis</strong></span> <span class='ocrx_word' id='word_1_57' title='bbox 2354 1803 2518 1882; x_wconf 84' lang='lat' dir='ltr'><strong>dare</strong></span> <span class='ocrx_word' id='word_1_58' title='bbox 2548 1829 2741 1886; x_wconf 79' lang='lat' dir='ltr'><strong>vates</strong></span> 
     </span>
     <span class='ocr_line' id='line_1_11' title="bbox 793 1922 2741 2024; baseline 0.001 -24"><span class='ocrx_word' id='word_1_59' title='bbox 793 1925 1156 2001; x_wconf 85' lang='lat' dir='ltr'><strong>dicuntur.</strong></span> <span class='ocrx_word' id='word_1_60' title='bbox 1255 1922 1458 1999; x_wconf 89' lang='lat' dir='ltr'><strong>Hinc</strong></span> <span class='ocrx_word' id='word_1_61' title='bbox 1481 1924 1713 1999; x_wconf 85' lang='lat' dir='ltr'><strong>alteris</strong></span> <span class='ocrx_word' id='word_1_62' title='bbox 1752 1924 1983 2000; x_wconf 82' lang='lat' dir='ltr'><strong>eastris</strong></span> <span class='ocrx_word' id='word_1_63' title='bbox 2032 1927 2120 1998; x_wconf 90' lang='lat' dir='ltr'><strong>ad</strong></span> <span class='ocrx_word' id='word_1_64' title='bbox 2154 1923 2555 2024; x_wconf 75' lang='lat' dir='ltr'>Harpasum</span> <span class='ocrx_word' id='word_1_65' title='bbox 2603 1931 2741 2002; x_wconf 88' lang='lat' dir='ltr'><strong>flu-</strong></span> 
     </span>
     <span class='ocr_line' id='line_1_12' title="bbox 793 2041 2741 2142; baseline 0.002 -23"><span class='ocrx_word' id='word_1_66' title='bbox 793 2063 964 2119; x_wconf 79' lang='lat' dir='ltr'><strong>men·</strong></span> <span class='ocrx_word' id='word_1_67' title='bbox 977 2063 1276 2118; x_wconf 85' lang='lat' dir='ltr'><strong>ventum</strong></span> <span class='ocrx_word' id='word_1_68' title='bbox 1293 2042 1424 2116; x_wconf 84' lang='lat' dir='ltr'><strong>est:</strong></span> <span class='ocrx_word' id='word_1_69' title='bbox 1454 2067 1603 2140; x_wconf 90' lang='lat' dir='ltr'><strong>quo</strong></span> <span class='ocrx_word' id='word_1_70' title='bbox 1622 2041 1831 2142; x_wconf 84' lang='lat' dir='ltr'><strong>legati</strong></span> <span class='ocrx_word' id='word_1_71' title='bbox 1852 2047 1943 2120; x_wconf 90' lang='lat' dir='ltr'><strong>ab</strong></span> <span class='ocrx_word' id='word_1_72' title='bbox 1962 2042 2353 2120; x_wconf 83' lang='lat' dir='ltr'><strong>Alabandis</strong></span> <span class='ocrx_word' id='word_1_73' title='bbox 2368 2069 2741 2137; x_wconf 81' lang='lat' dir='ltr'><strong>venerunt,</strong></span> 
     </span>
     <span class='ocr_line' id='line_1_13' title="bbox 791 2161 2741 2260; baseline 0.002 -22"><span class='ocrx_word' id='word_1_74' title='bbox 791 2175 876 2238; x_wconf 80' lang='lat' dir='ltr'><strong>ut</strong></span> <span class='ocrx_word' id='word_1_75' title='bbox 925 2162 1314 2252; x_wconf 87' lang='lat' dir='ltr'><strong>castellum,</strong></span> <span class='ocrx_word' id='word_1_76' title='bbox 1365 2162 1564 2260; x_wconf 90' lang='lat' dir='ltr'><strong>quod</strong></span> <span class='ocrx_word' id='word_1_77' title='bbox 1612 2165 1703 2236; x_wconf 91' lang='lat' dir='ltr'><strong>ab</strong></span> <span class='ocrx_word' id='word_1_78' title='bbox 1748 2161 1905 2259; x_wconf 83' lang='lat' dir='ltr'><strong>ipfis</strong></span> <span class='ocrx_word' id='word_1_79' title='bbox 1951 2183 2177 2259; x_wconf 88' lang='lat' dir='ltr'><strong>nuper</strong></span> <span class='ocrx_word' id='word_1_80' title='bbox 2228 2161 2567 2252; x_wconf 70' lang='lat' dir='ltr'><strong>descisset,</strong></span> <span class='ocrx_word' id='word_1_81' title='bbox 2616 2167 2741 2242; x_wconf 85' lang='lat' dir='ltr'><strong>aut</strong></span> 
     </span>
     <span class='ocr_line' id='line_1_14' title="bbox 791 2273 2741 2382; baseline 0.003 -26"><span class='ocrx_word' id='word_1_82' title='bbox 791 2281 1228 2368; x_wconf 57' lang='lat' dir='ltr'><strong>auetoritate,</strong></span> <span class='ocrx_word' id='word_1_83' title='bbox 1277 2300 1402 2354; x_wconf 91' lang='lat' dir='ltr'><strong>aut</strong></span> <span class='ocrx_word' id='word_1_84' title='bbox 1449 2278 1685 2367; x_wconf 72' lang='lat' dir='ltr'><strong>armiS,</strong></span> <span class='ocrx_word' id='word_1_85' title='bbox 1734 2301 2015 2378; x_wconf 82' lang='lat' dir='ltr'><strong>cogeret</strong></span> <span class='ocrx_word' id='word_1_86' title='bbox 2035 2273 2196 2378; x_wconf 78' lang='lat' dir='ltr'><strong>jura</strong></span> <span class='ocrx_word' id='word_1_87' title='bbox 2236 2281 2529 2381; x_wconf 88' lang='lat' dir='ltr'><strong>antiqua</strong></span> <span class='ocrx_word' id='word_1_88' title='bbox 2572 2284 2741 2382; x_wconf 88' lang='lat' dir='ltr'><strong>pati.</strong></span> 
     </span>
     <span class='ocr_line' id='line_1_15' title="bbox 795 2399 2739 2495; baseline 0.002 -20"><span class='ocrx_word' id='word_1_89' title='bbox 795 2400 1076 2476; x_wconf 87' lang='lat' dir='ltr'><strong>Eodem</strong></span> <span class='ocrx_word' id='word_1_90' title='bbox 1106 2399 1182 2470; x_wconf 78' lang='grc' dir='ltr'><strong>δε</strong></span> <span class='ocrx_word' id='word_1_91' title='bbox 1233 2399 1664 2486; x_wconf 78' lang='lat' dir='ltr'><strong>AthenaeuS‚</strong></span> <span class='ocrx_word' id='word_1_92' title='bbox 1720 2399 2063 2474; x_wconf 84' lang='lat' dir='ltr'><strong>Eumenis</strong></span> <span class='ocrx_word' id='word_1_93' title='bbox 2114 2403 2185 2474; x_wconf 88' lang='lat'>&amp;</span> <span class='ocrx_word' id='word_1_94' title='bbox 2237 2402 2460 2476; x_wconf 80' lang='lat' dir='ltr'><strong>Attali</strong></span> <span class='ocrx_word' id='word_1_95' title='bbox 2505 2403 2739 2495; x_wconf 84' lang='lat' dir='ltr'><strong>frater,</strong></span> 
     </span>
     <span class='ocr_line' id='line_1_16' title="bbox 789 2515 2737 2618; baseline 0.001 -21"><span class='ocrx_word' id='word_1_96' title='bbox 789 2545 955 2598; x_wconf 85' lang='lat' dir='ltr'><strong>curn</strong></span> <span class='ocrx_word' id='word_1_97' title='bbox 1002 2519 1302 2593; x_wconf 79' lang='lat' dir='ltr'><strong>Cretensi</strong></span> <span class='ocrx_word' id='word_1_98' title='bbox 1349 2515 1587 2591; x_wconf 87' lang='lat' dir='ltr'><strong>Leuso</strong></span> <span class='ocrx_word' id='word_1_99' title='bbox 1624 2521 1693 2590; x_wconf 75' lang='grc' dir='ltr'><strong>ὅτ</strong></span> <span class='ocrx_word' id='word_1_100' title='bbox 1738 2519 2047 2618; x_wconf 82' lang='lat' dir='ltr'>Corrago</span> <span class='ocrx_word' id='word_1_101' title='bbox 2079 2521 2485 2596; x_wconf 84' lang='lat' dir='ltr'><strong>Macedone</strong></span> <span class='ocrx_word' id='word_1_102' title='bbox 2513 2524 2737 2599; x_wconf 83' lang='lat' dir='ltr'><strong>venit.</strong></span> 
     </span>
     <span class='ocr_line' id='line_1_17' title="bbox 793 2634 2743 2737; baseline 0.002 -21"><span class='ocrx_word' id='word_1_103' title='bbox 793 2639 1006 2716; x_wconf 90' lang='lat' dir='ltr'><strong>Mille</strong></span> <span class='ocrx_word' id='word_1_104' title='bbox 1071 2635 1340 2737; x_wconf 80' lang='lat' dir='ltr'><strong>pedites</strong></span> <span class='ocrx_word' id='word_1_105' title='bbox 1403 2634 1785 2712; x_wconf 85' lang='lat' dir='ltr'><strong>mixtarum</strong></span> <span class='ocrx_word' id='word_1_106' title='bbox 1852 2637 2177 2737; x_wconf 88' lang='lat' dir='ltr'><strong>gentium</strong></span> <span class='ocrx_word' id='word_1_107' title='bbox 2240 2637 2319 2712; x_wconf 78' lang='grc' dir='ltr'><strong>δε</strong></span> <span class='ocrx_word' id='word_1_108' title='bbox 2393 2659 2743 2719; x_wconf 82' lang='lat' dir='ltr'><strong>trecentos</strong></span> 
     </span>
     <span class='ocr_line' id='line_1_18' title="bbox 789 2753 2741 2855; baseline 0.003 -25"><span class='ocrx_word' id='word_1_109' title='bbox 789 2755 1064 2855; x_wconf 83' lang='lat' dir='ltr'><strong>equites</strong></span> <span class='ocrx_word' id='word_1_110' title='bbox 1097 2753 1336 2829; x_wconf 87' lang='lat' dir='ltr'><strong>secum</strong></span> <span class='ocrx_word' id='word_1_111' title='bbox 1371 2755 1837 2831; x_wconf 80' lang='lat' dir='ltr'><strong>adduxerunt.</strong></span> <span class='ocrx_word' id='word_1_112' title='bbox 1938 2756 2229 2846; x_wconf 89' lang='lat' dir='ltr'><strong>Consul,</strong></span> <span class='ocrx_word' id='word_1_113' title='bbox 2281 2756 2571 2834; x_wconf 85' lang='lat' dir='ltr'><strong>tribuno</strong></span> <span class='ocrx_word' id='word_1_114' title='bbox 2604 2761 2741 2836; x_wconf 90' lang='lat' dir='ltr'><strong>mi-</strong></span> 
     </span>
     <span class='ocr_line' id='line_1_19' title="bbox 787 2873 2741 2979; baseline 0.001 -27"><span class='ocrx_word' id='word_1_115' title='bbox 787 2877 996 2952; x_wconf 79' lang='lat' dir='ltr'><strong>lltum</strong></span> <span class='ocrx_word' id='word_1_116' title='bbox 1032 2873 1237 2950; x_wconf 81' lang='lat' dir='ltr'><strong>miffo</strong></span> <span class='ocrx_word' id='word_1_117' title='bbox 1260 2894 1430 2950; x_wconf 87' lang='lat' dir='ltr'><strong>cum</strong></span> <span class='ocrx_word' id='word_1_118' title='bbox 1463 2873 1750 2949; x_wconf 89' lang='lat' dir='ltr'><strong>modica</strong></span> <span class='ocrx_word' id='word_1_119' title='bbox 1794 2898 2039 2966; x_wconf 86' lang='lat' dir='ltr'><strong>manu,</strong></span> <span class='ocrx_word' id='word_1_120' title='bbox 2074 2875 2433 2952; x_wconf 89' lang='lat' dir='ltr'><strong>castellum</strong></span> <span class='ocrx_word' id='word_1_121' title='bbox 2464 2877 2537 2952; x_wconf 84' lang='lat' dir='ltr'><strong>vi</strong></span> <span class='ocrx_word' id='word_1_122' title='bbox 2574 2903 2741 2979; x_wconf 91' lang='lat' dir='ltr'><strong>cap-</strong></span> 
     </span>
     <span class='ocr_line' id='line_1_20' title="bbox 789 2992 2739 3098; baseline 0.002 -27"><span class='ocrx_word' id='word_1_123' title='bbox 789 3013 948 3072; x_wconf 85' lang='lat' dir='ltr'><strong>tum</strong></span> <span class='ocrx_word' id='word_1_124' title='bbox 976 2995 1579 3070; x_wconf 72' lang='lat' dir='ltr'><strong>Alabandensibus</strong></span> <span class='ocrx_word' id='word_1_125' title='bbox 1605 2992 1861 3067; x_wconf 87' lang='lat' dir='ltr'><strong>reddit.</strong></span> <span class='ocrx_word' id='word_1_126' title='bbox 1914 2993 2092 3091; x_wconf 90' lang='lat' dir='ltr'><strong>Ipse,</strong></span> <span class='ocrx_word' id='word_1_127' title='bbox 2122 2994 2301 3069; x_wconf 84' lang='lat' dir='ltr'><strong>nihil</strong></span> <span class='ocrx_word' id='word_1_128' title='bbox 2333 2996 2449 3072; x_wconf 86' lang='lat' dir='ltr'><strong>via</strong></span> <span class='ocrx_word' id='word_1_129' title='bbox 2476 2995 2739 3098; x_wconf 82' lang='lat' dir='ltr'><strong>digres-</strong></span> 
     </span>
     <span class='ocr_line' id='line_1_21' title="bbox 789 3111 2737 3217; baseline 0.002 -27"><span class='ocrx_word' id='word_1_130' title='bbox 789 3114 928 3203; x_wconf 85' lang='lat' dir='ltr'><strong>sus,</strong></span> <span class='ocrx_word' id='word_1_131' title='bbox 961 3115 1052 3189; x_wconf 90' lang='lat' dir='ltr'><strong>ad</strong></span> <span class='ocrx_word' id='word_1_132' title='bbox 1080 3112 1540 3188; x_wconf 87' lang='lat' dir='ltr'><strong>Antiochiam</strong></span> <span class='ocrx_word' id='word_1_133' title='bbox 1570 3111 1768 3211; x_wconf 89' lang='lat' dir='ltr'><strong>super</strong></span> <span class='ocrx_word' id='word_1_134' title='bbox 1798 3115 2272 3190; x_wconf 83' lang='lat' dir='ltr'><strong>Maeandrum</strong></span> <span class='ocrx_word' id='word_1_135' title='bbox 2306 3139 2589 3192; x_wconf 86' lang='lat' dir='ltr'><strong>amnem</strong></span> <span class='ocrx_word' id='word_1_136' title='bbox 2606 3143 2737 3217; x_wconf 79' lang='lat' dir='ltr'><strong>po-</strong></span> 
     </span>
     <span class='ocr_line' id='line_1_22' title="bbox 787 3230 2737 3328; baseline 0.003 -19"><span class='ocrx_word' id='word_1_137' title='bbox 787 3233 927 3310; x_wconf 85' lang='lat' dir='ltr'><strong>suit</strong></span> <span class='ocrx_word' id='word_1_138' title='bbox 953 3231 1188 3308; x_wconf 82' lang='lat' dir='ltr'><strong>castra.</strong></span> <span class='ocrx_word' id='word_1_139' title='bbox 1257 3233 1504 3328; x_wconf 89' lang='lat' dir='ltr'><strong>Hujus</strong></span> <span class='ocrx_word' id='word_1_140' title='bbox 1529 3231 1758 3305; x_wconf 79' lang='lat' dir='ltr'><strong>amnis</strong></span> <span class='ocrx_word' id='word_1_141' title='bbox 1790 3230 2016 3306; x_wconf 88' lang='lat' dir='ltr'><strong>fontes</strong></span> <span class='ocrx_word' id='word_1_142' title='bbox 2035 3233 2355 3308; x_wconf 86' lang='lat' dir='ltr'><strong>Celaenis</strong></span> <span class='ocrx_word' id='word_1_143' title='bbox 2388 3235 2737 3314; x_wconf 86' lang='lat' dir='ltr'><strong>oriuntur.</strong></span> 
     </span>
     <span class='ocr_line' id='line_1_23' title="bbox 789 3349 2737 3451; baseline 0.002 -24"><span class='ocrx_word' id='word_1_144' title='bbox 789 3355 1130 3428; x_wconf 88' lang='lat' dir='ltr'><strong>Celaenae</strong></span> <span class='ocrx_word' id='word_1_145' title='bbox 1154 3353 1322 3424; x_wconf 88' lang='lat' dir='ltr'><strong>urbs</strong></span> <span class='ocrx_word' id='word_1_146' title='bbox 1343 3369 1559 3447; x_wconf 90' lang='lat' dir='ltr'><strong>caput</strong></span> <span class='ocrx_word' id='word_1_147' title='bbox 1580 3351 1945 3448; x_wconf 89' lang='lat' dir='ltr'><strong>quondam</strong></span> <span class='ocrx_word' id='word_1_148' title='bbox 1971 3349 2317 3451; x_wconf 85' lang='lat' dir='ltr'><strong>Phrygiae</strong></span> <span class='ocrx_word' id='word_1_149' title='bbox 2342 3353 2502 3430; x_wconf 86' lang='lat' dir='ltr'><strong>fuit.</strong></span> <span class='ocrx_word' id='word_1_150' title='bbox 2584 3357 2737 3431; x_wconf 86' lang='lat' dir='ltr'><strong>Mi·</strong></span> 
     </span>
     <span class='ocr_line' id='line_1_24' title="bbox 787 3467 2733 3571; baseline 0.003 -27"><span class='ocrx_word' id='word_1_151' title='bbox 787 3489 1065 3571; x_wconf 84' lang='lat' dir='ltr'><strong>gratum</strong></span> <span class='ocrx_word' id='word_1_152' title='bbox 1105 3468 1268 3544; x_wconf 86' lang='lat' dir='ltr'><strong>inde</strong></span> <span class='ocrx_word' id='word_1_153' title='bbox 1306 3471 1500 3544; x_wconf 88' lang='lat' dir='ltr'><strong>haud</strong></span> <span class='ocrx_word' id='word_1_154' title='bbox 1532 3472 1783 3567; x_wconf 87' lang='lat' dir='ltr'><strong>procul</strong></span> <span class='ocrx_word' id='word_1_155' title='bbox 1814 3467 2168 3544; x_wconf 83' lang='lat' dir='ltr'><strong>veteribus</strong></span> <span class='ocrx_word' id='word_1_156' title='bbox 2218 3472 2565 3562; x_wconf 85' lang='lat' dir='ltr'><strong>Celaenis,</strong></span> <span class='ocrx_word' id='word_1_157' title='bbox 2605 3501 2733 3550; x_wconf 90' lang='lat' dir='ltr'><strong>no-</strong></span> 
     </span>
     <span class='ocr_line' id='line_1_25' title="bbox 784 3587 2736 3692; baseline 0.003 -28"><span class='ocrx_word' id='word_1_158' title='bbox 784 3599 1056 3687; x_wconf 73' lang='lat' dir='ltr'><strong>vaeque</strong></span> <span class='ocrx_word' id='word_1_159' title='bbox 1075 3587 1238 3663; x_wconf 89' lang='lat' dir='ltr'><strong>urbi</strong></span> <span class='ocrx_word' id='word_1_160' title='bbox 1264 3593 1623 3686; x_wconf 84' lang='lat' dir='ltr'><strong>Apameae</strong></span> <span class='ocrx_word' id='word_1_161' title='bbox 1650 3611 1909 3663; x_wconf 86' lang='lat' dir='ltr'><strong>nomen</strong></span> <span class='ocrx_word' id='word_1_162' title='bbox 1938 3588 2248 3664; x_wconf 88' lang='lat' dir='ltr'><strong>inditum</strong></span> <span class='ocrx_word' id='word_1_163' title='bbox 2274 3591 2364 3665; x_wconf 91' lang='lat' dir='ltr'><strong>ab</strong></span> <span class='ocrx_word' id='word_1_164' title='bbox 2392 3598 2736 3692; x_wconf 82' lang='lat' dir='ltr'><strong>Apamea,·</strong></span> 
     </span>
     <span class='ocr_line' id='line_1_26' title="bbox 784 3705 2733 3806; baseline 0.002 -21"><span class='ocrx_word' id='word_1_165' title='bbox 784 3707 1010 3786; x_wconf 83' lang='lat' dir='ltr'><strong>sorore</strong></span> <span class='ocrx_word' id='word_1_166' title='bbox 1073 3706 1349 3783; x_wconf 82' lang='lat' dir='ltr'><strong>Seleuci</strong></span> <span class='ocrx_word' id='word_1_167' title='bbox 1409 3705 1613 3806; x_wconf 85' lang='lat' dir='ltr'><strong>regis.</strong></span> <span class='ocrx_word' id='word_1_168' title='bbox 1714 3709 1811 3780; x_wconf 91' lang='lat' dir='ltr'><strong>Et</strong></span> <span class='ocrx_word' id='word_1_169' title='bbox 1876 3707 2191 3806; x_wconf 83' lang='lat' dir='ltr'><strong>Marsyas</strong></span> <span class='ocrx_word' id='word_1_170' title='bbox 2246 3709 2473 3785; x_wconf 86' lang='lat' dir='ltr'><strong>amnis</strong></span> <span class='ocrx_word' id='word_1_171' title='bbox 2537 3713 2733 3790; x_wconf 87' lang='lat' dir='ltr'><strong>haud</strong></span> 
     </span>
     <span class='ocr_line' id='line_1_27' title="bbox 785 3820 2732 3927; baseline 0.003 -26"><span class='ocrx_word' id='word_1_172' title='bbox 785 3827 1035 3927; x_wconf 82' lang='lat' dir='ltr'><strong>procul</strong></span> <span class='ocrx_word' id='word_1_173' title='bbox 1059 3852 1102 3901; x_wconf 88' lang='lat' dir='ltr'><strong>a</strong></span> <span class='ocrx_word' id='word_1_174' title='bbox 1131 3826 1504 3901; x_wconf 86' lang='lat' dir='ltr'><strong>Maeandri</strong></span> <span class='ocrx_word' id='word_1_175' title='bbox 1530 3824 1849 3902; x_wconf 88' lang='lat' dir='ltr'><strong>fontibus</strong></span> <span class='ocrx_word' id='word_1_176' title='bbox 1867 3820 2125 3916; x_wconf 65' lang='lat' dir='ltr'><strong>oriens,</strong></span> <span class='ocrx_word' id='word_1_177' title='bbox 2148 3823 2223 3901; x_wconf 88' lang='lat' dir='ltr'><strong>in</strong></span> <span class='ocrx_word' id='word_1_178' title='bbox 2251 3830 2732 3907; x_wconf 85' lang='lat' dir='ltr'><strong>Maeandrum</strong></span> 
     </span>
     <span class='ocr_line' id='line_1_28' title="bbox 784 3941 2729 4049; baseline 0.002 -27"><span class='ocrx_word' id='word_1_179' title='bbox 784 3943 1000 4022; x_wconf 84' lang='lat' dir='ltr'><strong>cadit.</strong></span> <span class='ocrx_word' id='word_1_180' title='bbox 1123 3947 1485 4045; x_wconf 89' lang='lat' dir='ltr'><strong>Famaque</strong></span> <span class='ocrx_word' id='word_1_181' title='bbox 1562 3941 1659 4018; x_wconf 88' lang='lat' dir='ltr'><strong>i&#39;ta</strong></span> <span class='ocrx_word' id='word_1_182' title='bbox 1710 3965 1929 4032; x_wconf 87' lang='lat' dir='ltr'><strong>tenet,</strong></span> <span class='ocrx_word' id='word_1_183' title='bbox 1990 3945 2309 4021; x_wconf 85' lang='lat' dir='ltr'><strong>Celaenis</strong></span> <span class='ocrx_word' id='word_1_184' title='bbox 2372 3948 2729 4049; x_wconf 87' lang='lat' dir='ltr'><strong>Marsyam</strong></span> 
     </span>
     <span class='ocr_line' id='line_1_29' title="bbox 783 4061 2729 4165; baseline 0.003 -25"><span class='ocrx_word' id='word_1_185' title='bbox 783 4089 956 4149; x_wconf 84' lang='lat' dir='ltr'><strong>cum</strong></span> <span class='ocrx_word' id='word_1_186' title='bbox 997 4063 1337 4165; x_wconf 87' lang='lat' dir='ltr'><strong>Apolline</strong></span> <span class='ocrx_word' id='word_1_187' title='bbox 1384 4061 1724 4140; x_wconf 85' lang='lat' dir='ltr'><strong>tibiarum</strong></span> <span class='ocrx_word' id='word_1_188' title='bbox 1770 4085 1987 4140; x_wconf 84' lang='lat' dir='ltr'><strong>cantu</strong></span> <span class='ocrx_word' id='word_1_189' title='bbox 2032 4069 2331 4152; x_wconf 82' lang='lat' dir='ltr'><strong>certafl&#39;e.</strong></span> <span class='ocrx_word' id='word_1_190' title='bbox 2429 4069 2729 4146; x_wconf 86' lang='lat' dir='ltr'><strong>Maean-</strong></span> 
     </span>
    </p>
   </div>
   <div class='ocr_carea' id='block_1_3' title="bbox 3066 2125 3070 2635">
    <p class='ocr_par' dir='ltr' id='par_1_4' title="bbox 3066 2125 3070 2635">
     <span class='ocr_line' id='line_1_30' title="bbox 3066 2125 3070 2635; baseline 0 0"><span class='ocrx_word' id='word_1_191' title='bbox 3066 2125 3070 2635; x_wconf 95' lang='lat' dir='ltr'><strong> </strong></span> 
     </span>
    </p>
   </div>
  </div>
 </body>
</html>
