3100 5359
781 737 910 788 112.
1405 717 2013 790 T.L1v11

771 889 916 975 bat,
945 888 1120 962 duas
1147 889 1484 986 hepterem
1564 889 1859 964 Robore
1894 887 2185 964 navium
2219 893 2291 964 ὅτ
2322 888 2579 966 virtute
2598 893 2737 968 rni-

765 1007 977 1082 litum
1022 1005 1338 1082 Romani
1371 993 1585 1106 longe
1615 1007 1844 1108 regios
1874 1008 2341 1104 praestabant:
2397 1014 2735 1088 Rhodiae

765 1155 976 1204 naves
1023 1127 1360 1226 agilitate,
1424 1132 1493 1201 sc
1527 1148 1670 1201 arte
1704 1129 2287 1226 gubernatorum,
2342 1135 2411 1206 &
2446 1131 2735 1208 scientia·

762 1248 1139 1348 remigum.
1241 1245 1577 1322 Maximo
1610 1269 1847 1322 tamen
1879 1247 2198 1324 hostibus
2231 1250 2471 1326 terrori
2506 1251 2731 1342 fuere,

764 1395 948 1468 quae
997 1368 1196 1467 ignes
1225 1392 1386 1465 prae
1420 1366 1488 1440 se
1533 1371 1936 1465 portabant:
1990 1367 2093 1456 &,
2141 1373 2344 1467 quod
2375 1397 2611 1446 unum
2642 1371 2733 1447 iis

757 1491 850 1564 ad
885 1493 1320 1564 Panormum
1355 1486 1853 1562 circumventis
1885 1487 2086 1564 saluti
2138 1489 2392 1579 fuerat,
2444 1491 2525 1566 id
2569 1513 2733 1569 turn

762 1608 1164 1685 maximum
1223 1628 1677 1682 momentum
1730 1610 1821 1682 ad
1868 1608 2233 1684 vidioriam
2266 1609 2428 1686 fuit.
2531 1615 2729 1688 Nam

761 1749 957 1804 metu
993 1727 1178 1828 ignis
1228 1728 1488 1801 adversi
1521 1727 1752 1827 regiae
1786 1755 2027 1816 naves,
2080 1755 2169 1804 ne
2200 1755 2402 1828 prora
2428 1757 2727 1806 concur-

757 1868 1012 1936 rerent,
1066 1873 1296 1945 quum
1333 1847 1813 1936 declinassent,
1879 1875 2113 1947 neque
2148 1846 2331 1948 ipsae
2358 1849 2559 1925 ferire
2586 1850 2727 1926 ros·

757 1988 864 2042 tro
891 1968 1165 2042 hostem
1206 1987 1555 2064 poterant,
1608 1966 1685 2039 &
1718 1967 2045 2065 obliquas
2098 1966 2167 2042 se
2200 1967 2383 2068 ipsae
2415 1971 2509 2044 ad
2540 1970 2727 2046 ictus

753 2090 1201 2187 praebebant.
1305 2089 1426 2174 Et,
1486 2091 1532 2160 si
1587 2113 1731 2186 qua
1762 2107 2235 2178 concurrerat,
2294 2090 2727 2166 obruebatur

755 2207 988 2283 infuso
1043 2205 1239 2307 igni3
1309 2205 1675 2305 magisque
1718 2208 1810 2280 ad
1856 2206 2302 2296 incendium,
2350 2235 2571 2307 quarn
2626 2212 2725 2284 ad

753 2329 1131 2428 proelium,
1199 2325 1666 2424 trepidabant.
1765 2326 2169 2400 Plurimum
2215 2347 2477 2416 tamen,
2538 2353 2723 2426 quae

753 2449 948 2539 solet,
1003 2447 1318 2523 militum
1375 2446 1599 2520 virtus
1648 2445 1724 2519 in
1783 2447 1971 2521 bello
2022 2445 2265 2522 valuit.
2386 2447 2719 2522 Mediam

753 2596 1060 2668 namque
1093 2567 1320 2673 aciem
1355 2565 1665 2640 hostium
1694 2564 2010 2638 Romani
2070 2590 2303 2664 quum
2354 2565 2721 2665 rupiffent,

752 2685 1208 2763 circumvecti
1261 2690 1352 2762 ab
1409 2706 1609 2785 tergo
1640 2684 2123 2785 pugnantibus
2154 2686 2479 2762 adversus
2510 2689 2719 2762 Rho-

753 2807 910 2882 dios
969 2805 1177 2905 regiis
1237 2805 1370 2880 sese
1405 2808 1755 2902 objecere:
1808 2826 2321 2905 momentoque
2380 2809 2719 2906 temporis

751 2931 822 3002 8τ
855 2925 1094 3002 media
1117 2925 1299 3001 acies
1331 2925 1707 3014 Antiochi,
1744 2930 1812 3000 ὅτ
1840 2928 2037 3000 laevo
2060 2925 2135 3000 in
2155 2951 2379 3000 cornu
2402 2927 2711 3004 circum-

748 3067 994 3123 ventae
1011 3072 1218 3120 naves
1233 3050 1752 3146 mergebantur.
1782 3049 2091 3120 Dextera
2110 3071 2263 3142 pars
2284 3045 2578 3146 integra,
2609 3047 2717 3121 so-

748 3168 1024 3244 ciorum
1071 3167 1294 3267 magis
1327 3169 1573 3255 clade,
1608 3191 1829 3264 quam
1864 3164 1989 3240 suo
2018 3165 2360 3262 pericu10,
2414 3171 2717 3242 terreba-

749 3311 884 3362 tur.
936 3290 1298 3374 Ceterum,
1333 3284 1708 3385 postquam
1742 3285 1907 3360 alias
1938 3286 2487 3375 circumventas,
2515 3311 2713 3385 prae-

746 3408 998 3483 toriam
1056 3433 1307 3481 navem
1367 3405 1875 3503 Polyxenidae,
1938 3404 2195 3480 relictis
2259 3405 2489 3496 sociis,
2556 3409 2716 3482 vela

747 3531 1036 3604 dantem
1068 3527 1338 3613 videre,
1391 3525 1678 3601 sublatis
1724 3523 1979 3624 raptim
2010 3526 2393 3604 dolonibus
2430 3531 2533 3623 (&
2566 3545 2713 3600 erat

747 3649 1094 3723 secundus
1145 3645 1549 3746 petentibus
1614 3644 1975 3744 Ephesum
2018 3649 2304 3741 ventus)
2344 3648 2713 3745 capeffunt

745 3770 1018 3870 fugam,
1084 3764 1552 3866 quadraginta
1606 3767 1885 3840 duabus
1920 3765 2218 3841 navibus
2254 3766 2327 3840 in
2354 3793 2434 3842 ea
2465 3792 2711 3866 pugna

743 3890 1032 3975 amiffis3
1088 3911 1390 3985 quarum
1442 3888 1694 3960 decem
1750 3888 1825 3960 &
1860 3909 1994 3961 tres
2026 3909 2265 3986 captae
2298 3887 2373 3960 in
2408 3887 2707 3985 potesta—

741 4033 886 4086 tem
921 4007 1236 4083 hostium
1268 4029 1648 4095 venerunt,
1712 4027 1981 4082 ceterae
2036 4006 2356 4083 incensae
2422 4029 2547 4082 aut
2579 4007 2705 4080 de-

739 4129 1023 4206 mersae.
1124 4131 1623 4202 Romanorum
1688 4129 1871 4202 duae
1938 4153 2149 4203 naves
2200 4127 2458 4204 fractae
2514 4128 2703 4217 sunt,
