3100 5359
769 717 912 786 240
1243 719 1248 726 ·
1451 697 2077 769 T.L1vit

768 877 820 913 “
853 893 992 968 ego
1025 866 1226 958 mihi,
1277 867 1656 944 succedens
1698 870 1774 946 in
1818 869 2053 946 vicem
2088 869 2363 970 imperii
2400 867 2533 958 tui,
2584 867 2721 946 vir·

769 999 822 1032 ‘⁶
855 1008 1084 1063 tutem
1124 986 1677 1089 felicitatemque
1710 990 1963 1087 pariter
1996 1017 2141 1066 non
2170 989 2415 1066 frustra
2444 993 2539 1066 ab
2570 989 2725 1068 Diis

771 1119 822 1154 ‘⁶
861 1107 1350 1184 inmortalibus
1401 1132 1723 1207 precatus
1764 1106 1918 1186 sum
1942 1143 1967 1198 3
2020 1132 2115 1199 te,
2170 1113 2253 1185 P.
2286 1109 2555 1212 Scipio,
2600 1110 2725 1209 qui

771 1240 825 1274 ‘⁶
857 1227 1068 1329 legati
1088 1230 1235 1326 jus,
1297 1231 1611 1329 collegae
1636 1229 2088 1326 majestatem,
2130 1234 2199 1304 ὅτ
2232 1231 2425 1327 apud
2454 1229 2729 1306 fratrem

771 1361 823 1395 ‘⁸
857 1348 1245 1439 consulem,
1279 1353 1346 1425 δι
1379 1352 1577 1447 apud
1598 1349 1995 1426 exercitum
2016 1349 2319 1428 habuisti
2337 1383 2360 1437 3
2396 1345 2731 1450 sciatisne,
2761 1355 2775 1366 “

771 1481 822 1516 “
858 1469 934 1544 in
967 1469 1281 1546 exercitu
1337 1468 1683 1545 Antiochi
1718 1473 2093 1546 Gallorum
2128 1469 2439 1570 legiones
2472 1469 2671 1546 fuiffit
2701 1473 2729 1545 Ρ

769 1601 822 1635 “
857 1589 1173 1666 videritis
1207 1590 1282 1664 in
1305 1590 1457 1666 acie
1481 1617 1631 1678 eos,
1682 1589 1759 1664 in
1792 1615 2021 1664 cornu
2052 1609 2359 1688 utroque
2396 1591 2509 1689 (id
2542 1590 2733 1666 enim

771 1720 822 1755 ‘⁶
855 1710 1126 1786 roboris
1157 1713 1292 1785 efl‘e
1310 1709 1715 1802 videbatur)
1754 1711 2063 1784 locatos?
2114 1710 2622 1810 pugnaveritis,
2656 1733 2737 1786 ut

768 1839 820 1874 ‘⁶
855 1855 1026 1906 cum
1059 1829 1377 1905 hostibus
1396 1829 1656 1927 justis?
1708 1828 2152 1904 cecideritis?
2222 1829 2441 1928 spolia
2488 1857 2733 1908 eorum

769 1961 820 1996 “
857 1950 1280 2026 retuleritis?
1395 1949 1625 2049 Atqui
1678 1976 1846 2024 cum
1902 1949 2295 2038 Antioche,
2356 1979 2503 2030 non
2566 1977 2734 2027 cum

769 2082 822 2117 “
859 2071 1110 2160 Gallis,
1155 2072 1422 2146 bellum
1459 2075 1526 2144 ὅτ
1564 2069 1837 2146 senatus
1862 2072 2289 2157 decreverat,
2324 2071 2399 2145 &
2428 2074 2735 2172 populus

767 2203 820 2235 “
842 2191 1148 2289 jusserat.
1245 2192 1384 2264 sed
1415 2192 1642 2277 simul,
1670 2211 1753 2263 ut
1772 2190 2052 2287 opinor,
2076 2217 2247 2266 cum
2276 2191 2386 2265 his
2406 2194 2734 2268 decreve-

766 2323 818 2356 “
855 2333 1008 2389 rant
1013 2313 1522 2409 jufferantque,
1543 2309 1672 2408 qui
1696 2309 1875 2384 intra
1900 2311 2047 2406 ejus
2072 2311 2409 2407 praefidia
2430 2311 2736 2390 fuiffent.

769 2443 820 2477 ‘⁶
858 2431 977 2507 Ex
1023 2430 1322 2529 quibus,
1384 2451 1654 2528 praeter
1696 2429 2173 2519 Antiochum,
2228 2457 2403 2510 cum
2438 2459 2593 2532 quo
2620 2455 2735 2532 pa·

769 2562 820 2598 “
851 2579 1012 2628 cern
1066 2549 1426 2650 pepigerat
1472 2547 1743 2646 Scipi0‚
1800 2550 1875 2622 δι
1918 2577 2087 2628 cum
2122 2579 2275 2650 quo
2309 2553 2735 2634 nominatim

771 2683 822 2716 “
859 2670 1112 2746 foedus
1167 2692 1253 2744 ut
1311 2671 1532 2758 fieret,
1597 2669 2133 2760 manduci-ath,
2194 2699 2451 2751 omnes
2506 2675 2737 2754 hostes

771 2803 824 2838 ‘⁸
859 2812 1079 2880 erant,
1102 2789 1235 2890 qui
1265 2815 1398 2888 pro
1431 2789 1800 2864 Antiocho
1826 2817 2021 2866 arma
2036 2791 2363 2868 adversus
2393 2821 2525 2872 nos
2562 2783 2737 2872 uale-

771 2921 823 2956 “
855 2933 1047 2986 runt.
1145 2913 1230 2984 ln
1279 2933 1425 3008 qua
1475 2911 1703 2984 cauffa
1752 2935 1985 3009 quum
2034 2911 2231 2987 Gaui
2276 2935 2439 2988 ante
2490 2941 2739 2994 omnes

772 3042 823 3075 “
859 3029 1172 3119 fuiffent,
1235 3033 1303 3104 δι
1329 3029 1557 3130 reguli
1590 3029 1921 3128 quidam,
1982 3031 2061 3104 &
2094 3032 2417 3130 tyranni3
2462 3060 2610 3132 ego
2636 3057 2739 3112 ta-

771 3161 822 3195 “
856 3177 1024 3226 men
1076 3155 1367 3226 &cnm
1419 3149 1601 3238 aliie,
1658 3177 1790 3249 pro
1830 3149 2181 3250 dign-itate
2219 3151 2497 3251 imperii
2525 3155 2737 3232 vestri

768 3283 822 3318 ‘⁶
857 3271 1118 3348 connis
1173 3272 1367 3346 luere
1425 3291 1721 3368 peccata
1768 3269 1916 3360 sua,
1983 3297 2233 3369 pacem
2296 3273 2583 3373 pepigi:
2672 3280 2737 3350 ὅτ

771 3404 824 3437 “
862 3395 1232 3468 Gallorum
1281 3389 1588 3478 animm,
1639 3395 1687 3466 fi
1730 3393 2007 3490 pulsent
2052 3393 2361 3492 mitigari
2396 3421 2439 3469 a
2470 3395 2739 3472 feritate

773 3523 824 3558 “
861 3512 1084 3600 infita,
1151 3510 1410 3586 tentavi
1431 3541 1452 3584 ε
1507 3515 1605 3600 ὅτ,
1648 3511 2026 3612 postquam
2079 3511 2467 3590 indomitos
2521 3537 2739 3616 atque

774 3644 824 3678 “
857 3629 1308 3732 inplacabiles
1333 3634 1735 3720 cernebam,
1770 3653 1929 3707 tum
1958 3635 2257 3710 demum
2284 3633 2358 3709 vi
2388 3657 2603 3733 atque
2634 3663 2739 3712 ar·

771 3761 824 3798 “
857 3751 995 3828 mis
1051 3753 1482 3828 coercendos
1537 3774 1726 3827 ratus
1774 3751 1958 3828 sum.
2070 3756 2147 3828 N
2158 3761 2326 3842 unc,
2394 3753 2738 3853 quoniam

773 3885 824 3918 ‘⁶
859 3871 1154 3970 suscepti
1213 3871 1382 3948 belli
1443 3894 1829 3971 puigatum
1872 3873 1973 3948 est
2018 3872 2314 3961 crimen,
2355 3873 2531 3976 gesti
2582 3877 2737 3951 red·

773 4005 824 4043 “
861 3993 1098 4068 denda
1145 3992 1254 4067 est
1291 3991 1498 4067 satio.
1600 3994 1685 4066 In
1738 4017 1889 4092 quo
1927 3994 2363 4072 confiderem
2396 3993 2736 4094 equidem

771 4125 824 4160 ‘⁸
859 4114 1126 4192 caufl‘ae
1174 4139 1408 4202 meae,
1488 4111 1749 4188 etiamfi
1822 4139 1969 4190 non
2044 4115 2241 4216 apud
2288 4109 2733 4205 Romanum,

3042 4407 3044 4481 ψ
