3100 5359
761 688 912 767 304
1417 665 2077 743 T.Ltv11

766 850 820 887 ‘⁸
853 838 1342 941 cognitionem
1385 842 1657 918 senatui
1690 842 2011 918 reservari
2030 874 2055 919 ε
2108 846 2206 932 ὅτ,
2257 862 2347 917 ut
2372 834 2629 919 omnia
2660 838 2740 917 iu

763 972 817 1007 ‘⁸
857 960 1139 1063 integro
1169 982 1563 1052 manerent,
1598 962 1959 1061 praefidiffi
1986 988 2169 1063 quae
2204 961 2282 1039 in
2314 961 2400 1038 iis
2432 965 2747 1041 urbibus

764 1092 815 1127 ‘⁴
849 1085 1006 1171 fiat,
1061 1080 1399 1157 deduci.”
1495 1084 1665 1157 Hae
1716 1086 1983 1159 caufl'ae
2028 1083 2343 1159 maxime
2402 1084 2745 1160 animum

761 1201 1082 1302 Philippi
1165 1201 1651 1279 alienaverunt
1736 1206 1829 1281 ab
1900 1204 2253 1281 Romanis
2274 1236 2295 1279 ε
2346 1226 2431 1281 ut
2486 1232 2645 1281 uon
2700 1232 2745 1281 a

757 1322 1012 1399 Perseo
1069 1322 1220 1399 filio
1273 1324 1420 1420 ejus
1465 1323 1670 1399 novis
1712 1326 1959 1399 cauffis
1990 1346 2303 1413 motum,
2327 1324 2451 1399 sed
2473 1330 2577 1401 ob
2608 1329 2741 1400 has

757 1470 804 1519 a
831 1464 1028 1544 patoe
1090 1444 1362 1519 bellum
1407 1443 1734 1519 oelizstum
1773 1443 1924 1519 fflio
1978 1444 2207 1519 videri
2250 1448 2475 1545 poffit.
2576 1450 2741 1523 Ro·

755 1590 918 1641 mae
973 1566 1174 1639 nulla
1229 1562 1397 1639 belli
1463 1562 1929 1641 Macedonici
1988 1562 2292 1665 suspicio
2354 1588 2524 1643 erat.
2640 1572 2739 1643 L.

759 1684 1084 1761 Manlius
1141 1682 1520 1784 proconsul
1586 1710 1679 1760 ex
1744 1682 2097 1782 Hispania
2152 1683 2474 1763 redierat.
2584 1687 2739 1763 Cui

754 1804 1140 1905 postulanti
1191 1808 1284 1881 ab
1329 1804 1566 1879 senatu
1600 1804 1675 1878 in
1708 1806 1882 1879 aede
1916 1806 2243 1879 Bellonae
2276 1804 2739 1905 triumphum

753 1951 994 2002 retum
1021 1924 1376 2027 gestarum
1399 1924 1831 2025 magnitudo
1854 1922 2373 2024 impetrabilem
2394 1924 2735 2015 faciebat,

753 2048 1170 2147 exemplum
1201 2045 1568 2133 obstabat3
1621 2046 1819 2144 quod
1865 2043 1965 2121 ita
2002 2066 2498 2144 comparatum
2532 2071 2737 2121 more

751 2166 1103 2264 majorum
1135 2186 1308 2254 erat,
1353 2192 1442 2241 ne
1475 2164 1669 2264 quis,
1704 2164 1833 2264 qui
1862 2164 2263 2242 exercitum
2288 2192 2439 2240 non
2470 2166 2735 2264 depor-

751 2289 972 2376 taflbt,
1016 2284 1509 2385 triumpharet,
1552 2284 1680 2360 nifi
1728 2286 2203 2384 perdomitam
2256 2306 2735 2385 pacatamque

749 2406 1194 2507 provinciam
1222 2405 1610 2481 tradidiffet
1642 2404 2033 2482 succeffori.
2133 2406 2439 2482 Medius
2484 2428 2731 2483 tamen

747 2530 979 2603 honos
1037 2526 1328 2601 Manlio
1379 2526 1691 2613 habitus,
1740 2548 1827 2601 ut
1892 2552 2109 2601 ovans
2166 2528 2427 2603 urbem
2490 2528 2730 2603 iniret.

749 2647 964 2725 Tulit
1013 2672 1311 2723 oomonas
1369 2672 1613 2722 aureas
1660 2645 2191 2745 quinquaginta
2262 2648 2491 2722 duas:
2568 2647 2731 2723 auri

748 2788 1102 2869 praeterea
1127 2768 1376 2865 pondo
1407 2788 1702 2842 centum
1750 2766 2039 2866 triginta
2068 2767 2221 2841 duo
2240 2798 2263 2840 z
2314 2768 2597 2867 argenti
2629 2766 2729 2843 se-

747 2886 990 2964 decim
1035 2886 1271 2962 miliia
1301 2906 1652 2962 trecenta:
1704 2891 1773 2961 δε
1819 2885 2321 2986 pronunciavit
2346 2886 2427 2960 in
2450 2885 2725 2975 senatu,

748 3010 1004 3084 decan
1055 3006 1282 3083 millia
1321 3009 1573 3105 pondo
1602 3005 1903 3107 argenti,
1938 3012 2007 3082 δε
2039 3008 2408 3107 06:0ginta
2438 3007 2599 3082 auri
2628 3012 2741 3109 Q

747 3127 1063 3205 Fabium
1117 3128 1561 3227 quaestorem
1612 3129 1982 3203 advehere.
2078 3129 2170 3203 Id
2202 3154 2505 3227 quoque
2538 3128 2613 3203 se
2646 3128 2723 3203 in

745 3249 1094 3325 aetatium
1147 3248 1565 3323 inlaturum.
1662 3250 1985 3348 Magnus
2028 3270 2269 3322 motus
2325 3247 2591 3325 servilis
2636 3274 2722 3325 eo

745 3396 934 3447 anno
992 3368 1070 3444 in
1129 3366 1401 3468 Apulia
1431 3366 1594 3442 fuit.
1691 3370 2093 3443 Tarentum
2138 3368 2591 3467 provinciam
2624 3374 2719 3447 L.

743 3487 1160 3565 Postumius
1189 3508 1466 3589 praetor
1492 3490 1821 3563 habebat.
1918 3491 1991 3565 Is
2016 3490 2115 3564 de
2150 3489 2510 3588 pastorum
2543 3516 2719 3566 eon-

733 3608 1118 3708 juratione‚
1139 3609 1268 3708 qui
1285 3608 1436 3684 vias
1457 3607 1844 3684 latrocini-is
1869 3606 2265 3710 pascuaque
2290 3609 2584 3709 publiea
2604 3612 2719 3687 iu-

745 3728 920 3806 festa
942 3731 1360 3818 habuerant,
1385 3728 1869 3828 quaestionem
1896 3728 2124 3805 severe
2144 3730 2489 3807 exercuit.
2586 3732 2720 3807 Ad

745 3847 1009 3949 septem
1039 3848 1268 3925 millia
1299 3846 1683 3925 hominum
1704 3849 2209 3927 condemnavit
2230 3882 2251 3924 ι
2302 3850 2513 3926 multi
2546 3848 2719 3925 inde

746 3968 1113 4073 fugerunt.
1145 3970 1239 4047 de
1263 3969 1511 4047 multis
1543 3968 1859 4047 sumtum
1882 3970 1986 4047 est
2014 3968 2448 4070 supplicum.
2518 3972 2713 4046 Con-
