3100 5359
773 731 848 805 L
900 754 930 803 1
990 754 1031 803 n
1084 754 1127 805 ε
1180 754 1227 803 n
1329 714 1720 805 XXXVII.
2159 754 2252 829 95

286 928 455 980 cum
489 904 695 978 clnfl‘e
730 900 1019 975 Elaeam
1053 900 1263 1000 petita
1315 902 1513 989 inde,
1565 926 1799 1001 quum
1835 902 2106 1000 praesto
2136 902 2248 979 fu-

290 1024 485 1100 ifl'ent
518 1022 799 1121 equites
832 1022 1305 1121 peditumque
1352 1022 1698 1120 expediti,
1751 1022 2092 1120 praefidio
2132 1048 2250 1096 eo-

288 1168 444 1219 rum
478 1161 708 1230 tutus,
758 1141 1169 1239 priusquam
1198 1143 1427 1217 hostes
1460 1140 1818 1231 sentirent,
1862 1163 1986 1215 aut
2010 1162 2250 1217 move-

285 1284 551 1351 rentur,
632 1264 1065 1361 Pergamum
1131 1264 1523 1338 contendit.
1623 1262 1736 1338 Ibi
1795 1262 2025 1337 rursus
2073 1260 2256 1337 levia

283 1410 405 1484 per
436 1386 877 1457 excursiones
910 1381 1177 1482 proelia
1209 1382 1359 1456 fieri
1394 1403 1668 1480 coepta,
1706 1385 2032 1457 Eumene
2063 1380 2252 1457 sum-

284 1530 437 1578 mae
471 1504 573 1578 rei
604 1501 982 1579 discrimen
1016 1504 1213 1577 haud
1252 1502 1475 1577 dubie
1520 1504 1970 1578 detrec‘hnte.
2070 1505 2252 1577 Pau-

289 1650 409 1698 cos
454 1623 613 1721 post
654 1622 807 1697 dies
864 1626 1195 1697 Romana
1228 1623 1666 1723 Rhodiaque
1699 1624 1938 1711 claffis‚
1985 1643 2074 1697 ut
2105 1620 2254 1721 regi

290 1768 499 1845 opem
554 1742 837 1831 ferrent,
892 1745 1181 1818 Elaeam
1214 1747 1305 1819 ab
1338 1743 1551 1819 Samo
1583 1762 1951 1817 venerunt.
2049 1746 2256 1844 Qos

292 1863 416 1939 ubi
446 1862 837 1961 exposuiffe
863 1863 1102 1961 copias
1132 1865 1409 1951 Elaeae,
1446 1868 1509 1937 δι
1541 1883 1648 1937 tot
1667 1864 1898 1938 claffes
1919 1861 1994 1939 in
2022 1886 2256 1937 unum

294 1984 691 2059 convenisse
718 2006 1036 2083 portum,
1088 1982 1457 2070 Antiocho
1483 1984 1799 2058 adlatum
1835 1982 1934 2057 est
1946 2015 1972 2071 3
2022 1987 2093 2056 δι
2125 1979 2260 2057 sub

298 2103 487 2179 idem
522 2124 805 2204 tempus
836 2102 1139 2192 audivit,
1190 2102 1551 2178 consulem
1581 2126 1754 2177 cum
1779 2099 2092 2177 exercitu
2105 2100 2258 2197 jam

296 2222 368 2297 in
402 2223 839 2299 Macedonia
883 2223 1043 2312 ess‘e,
1110 2222 1505 2321 pararique,
1559 2246 1746 2320 quae
1776 2222 1870 2295 ad
1901 2224 2261 2295 transitum

298 2338 742 2443 Hellesponti
794 2366 975 2443 opus
1043 2344 1259 2417 essent
1270 2374 1294 2431 3
1371 2363 1654 2440 tempus
1711 2339 1972 2416 venisse
2045 2360 2262 2429 natus,

298 2464 509 2564 prius,
545 2486 765 2564 quam
795 2483 973 2539 terra
997 2462 1319 2561 marique
1345 2464 2016 2561 fimulurgueretur,
2049 2486 2263 2561 agen·

300 2585 369 2658 di
402 2586 496 2659 de
530 2606 731 2685 pace,
784 2584 1152 2659 tumulum
1194 2584 1584 2681 quemdam
1612 2579 1939 2656 adversus
1972 2582 2262 2656 Elaeam

300 2706 527 2781 castris
553 2704 767 2803 cepit.
866 2702 979 2779 Ibi
1006 2702 1337 2801 peditum
1362 2702 1702 2777 omnibus
1720 2699 1946 2800 copiis
1977 2700 2261 2791 reliffis„

300 2848 460 2901 cum
494 2826 819 2925 equitatu
858 2828 1087 2921 (erant
1118 2842 1357 2897 autem
1384 2820 1501 2896 sex
1533 2821 1757 2895 millia
1785 2821 2150 2919 equitum)
2189 2820 2266 2897 in

297 2967 583 3045 campos
634 2943 763 3019 sub
812 2943 957 3042 ipsa
1016 2944 1269 3017 Elaeae
1302 2941 1586 3017 moenia
1617 2941 2008 3031 deseendit,
2057 2941 2263 3017 miffo

301 3068 756 3141 caduceatore
785 3064 879 3138 ad
907 3061 1335 3151 Aemilium,
1382 3064 1564 3137 velle
1599 3062 1664 3136 se
1695 3064 1788 3137 de
1832 3084 2004 3161 paee
2034 3068 2263 3162 agere.

388 3182 607 3262 XIX.
709 3182 1092 3271 Aemilius,
1147 3184 1475 3258 Eumene
1516 3206 1560 3257 a
1600 3186 1948 3282 Petgamo
2001 3180 2267 3270 adcito,

300 3302 635 3382 adhibitis
674 3304 755 3377 ὅτ
800 3301 1139 3391 Rhodiis,
1191 3301 1566 3378 confilium
1611 3302 1885 3379 babuit.
1985 3301 2264 3377 Rhodii

302 3430 487 3504 haud
524 3423 922 3524 adspernari
948 3444 1233 3522 pacem:
1289 3426 1675 3511 Eumenes,
1729 3432 1782 3467 “
1819 3426 1980 3498 Nec
2009 3418 2264 3497 hones-

302 3556 351 3591 “
384 3566 543 3623 tum
588 3548 803 3633 effe‚”
848 3540 1113 3633 dicere,
1167 3553 1220 3587 ‘⁶
1256 3566 1343 3617 eo
1374 3564 1692 3642 tempore
1743 3545 1836 3618 de
1884 3569 2056 3643 pace
2113 3542 2266 3643 agi3

306 3675 353 3710 ‘⁸
386 3687 523 3742 nec
548 3662 829 3741 exitum
848 3661 948 3739 rei
970 3662 1219 3763 inponi
1240 3664 1452 3763 pofl‘e.
1516 3663 1672 3765 Qi
1700 3663 1970 3752 enim,”
1999 3662 2266 3763 inquit,

305 3796 353 3830 “
384 3807 509 3861 aut
542 3784 862 3873 honeste,
912 3782 1160 3860 inclufi
1203 3782 1584 3859 moenibus
1627 3785 1702 3857 δι
1753 3782 1994 3859 obseffi
2038 3784 2264 3874 velut,

305 3914 353 3951 ‘⁸
380 3906 577 4007 leges
596 3905 791 4006 pacis
816 3902 1297 4001 accipiemus?
1327 3922 1453 3979 aut
1470 3902 1592 3978 cui
1617 3924 1761 3978 rata
1792 3903 1919 3978 ista
1944 3928 2086 4003 pax
2109 3904 2267 3991 erit,

306 4034 355 4071 “
384 4049 609 4129 quam
656 4028 795 4100 fine
828 4023 1139 4112 consule,
1189 4044 1335 4098 non
1383 4046 1475 4098 ex
1506 4022 1916 4099 auctoritate
1967 4021 2269 4113 senatus,

306 4156 356 4191 ‘⁸
390 4166 538 4221 non
551 4147 745 4243 juffu
772 4142 1023 4245 populi
1044 4141 1359 4219 Romani
1385 4141 1911 4244 pepigerimus?
1977 4147 2266 4245 Quero
2323 4246 2330 4254 ι
