3100 5359
976 709 1053 782 L
1104 733 1133 782 1
1191 733 1233 788 B
1293 733 1336 782 Β
1393 729 1440 785 a
1543 705 1979 792 XXXVIII.
2314 733 2455 809 229

457 883 652 963 adeo
685 881 988 959 hiberno
1021 903 1388 962 contemto
1423 883 1627 973 mari,
1675 905 1760 960 ut
1790 880 2101 979 trajicere
2131 881 2445 974 auderet,

461 1002 902 1102 Apolloniae
927 1003 1345 1082 hibernavit.

565 1123 810 1198 XLII.
913 1125 1135 1200 Exitu
1184 1150 1404 1226 prope
1455 1124 1624 1200 anni
1671 1127 1788 1202 M.
1836 1123 2153 1200 Valerius
2194 1120 2439 1198 consul

453 1270 560 1320 ex
591 1243 988 1344 Liguribus
1012 1247 1104 1320 ad
1137 1245 1577 1344 magistratus
1604 1244 2084 1344 subrogandos
2118 1247 2435 1322 Romam

454 1363 684 1454 venit,
751 1366 948 1440 nulla
977 1365 1422 1446 memorabili
1457 1364 1532 1440 in
1571 1364 1937 1464 provincia
1970 1389 2040 1441 re
2076 1365 2291 1465 gesta,
2352 1385 2436 1440 ut

459 1511 553 1560 ea
582 1485 966 1584 probabilis
999 1512 1234 1560 morae
1256 1488 1485 1562 cauffa
1515 1489 1709 1575 elset,
1758 1487 1961 1586 quod
1992 1485 2192 1561 solito
2224 1484 2437 1560 serius

453 1605 556 1682 ad
587 1605 881 1682 comitia
906 1606 1217 1681 venisset.
1317 1606 1635 1682 Comitia
1664 1607 2071 1684 consulibus
2104 1604 2435 1706 rogandis

457 1723 669 1799 fueru
683 1747 760 1800 nt
777 1747 938 1800 ante
965 1724 1160 1800 diem
1183 1725 1704 1802 duodecimum
1733 1729 2083 1808 Kalendas
2118 1726 2439 1803 Martias.

455 1845 698 1922 Creati
719 1849 836 1920 M.
867 1844 1224 1921 Aemilius
1251 1847 1603 1948 Lepidus,
1640 1850 1727 1924 C.
1754 1845 2171 1924 Flaminius.
2271 1845 2434 1922 Pos-

454 1988 612 2042 tero
645 1967 764 2042 die
785 1987 1128 2066 praetores
1155 1965 1324 2040 fasti
1356 1971 1498 2064 Ap.
1530 1967 1877 2044 Claudius
1906 1969 2237 2054 Pulcher,
2288 1969 2431 2044 Ser.

449 2087 818 2187 Sulpicius
863 2089 1122 2174 Galba,
1171 2092 1288 2188 Q
1309 2088 1689 2162 Terentius
1721 2090 2004 2176 Culle0,
2033 2090 2127 2163 L.
2162 2089 2431 2165 Teren-

449 2206 602 2283 tius
643 2207 1052 2296 Mafliliota,
1103 2213 1216 2309 Q
1251 2208 1555 2284 Fulvius
1612 2210 1937 2298 Flaccus,
2002 2209 2114 2286 M.
2169 2205 2433 2283 Furius

443 2329 815 2428 Craffipes.
945 2327 1278 2404 Comitiis
1345 2328 1695 2428 perfeffis,
1797 2355 1971 2428 quas
2035 2325 2429 2426 provincias

445 2449 894 2546 praetoribus
930 2452 1066 2524 effe
1114 2453 1443 2550 placeret,
1509 2449 1747 2524 retulit
1784 2453 1875 2526 ad
1908 2449 2224 2525 senatum
2252 2473 2429 2528 ,con-

447 2568 583 2644 sul.
711 2571 1202 2646 Decreverunt
1259 2571 1435 2646 duas
1490 2574 1811 2661 Romae,
1877 2569 2058 2668 juris
2124 2566 2426 2643 dicundi

441 2690 730 2778 cauffa3
775 2691 960 2764 duas
990 2713 1186 2766 extra
1217 2691 1518 2781 Italiam,
1554 2691 1866 2768 Siciliam
1900 2697 1967 2768 ὅτ
1991 2688 2422 2777 Sardiniam3

443 2811 628 2887 duas
651 2807 972 2898 initalia,
1008 2813 1402 2886 Tarentum
1427 2817 1497 2886 &
1525 2810 1858 2888 Galliam.
1930 2815 2025 2886 Et
2056 2813 2421 2911 extemplo

447 2927 862 3030 priusquam
889 2927 1150 3004 inirent
1181 2931 1694 3030 magistratum,
1744 2931 1967 3007 sortiri
1988 2932 2173 3028 juffi.
2276 2931 2419 3007 Ser.

443 3049 808 3150 Sulpicius
851 3052 1219 3139 urbanam,
1279 3057 1392 3153 Q
1427 3051 1811 3133 Terentius
1844 3051 2282 3152 peregrinam
2319 3053 2421 3128 est

441 3169 748 3246 sortium.
846 3172 940 3245 L.
964 3170 1346 3246 Terentius
1369 3171 1710 3263 Siciliam,
1739 3175 1921 3274 QF
1926 3171 2159 3248 ulvius
2183 3171 2415 3248 Sardi-

445 3290 667 3380 niam,
724 3296 868 3390 Ap.
907 3293 1254 3384 Claudius
1303 3295 1729 3382 Tarentum,
1786 3295 1901 3370 M.
1939 3291 2196 3368 Furius
2240 3295 2411 3368 Gal-

432 3411 628 3488 liam.
711 3414 823 3486 Eo
855 3438 1043 3488 anno
1069 3415 1162 3489 L.
1191 3411 1571 3491 Minucius
1600 3413 1943 3512 Myrtilus
1975 3417 2043 3489 ὅτ
2072 3417 2164 3490 L.
2192 3417 2409 3492 Man·

435 3532 606 3621 lius,
673 3533 876 3631 quod
927 3535 1190 3632 legatos
1224 3531 1835 3632 Karthaginienses
1883 3532 2171 3633 pulsasse
2206 3535 2405 3612 dice-

441 3657 732 3741 bantur,
754 3653 945 3748 juffu
979 3654 1098 3727 M.
1130 3652 1419 3727 Claudii
1455 3652 1788 3751 praetoris
1819 3654 2017 3730 urbis
2048 3681 2173 3754 per
2206 3655 2403 3732 fetia-

435 3775 536 3848 les
561 3771 801 3848 traditi
827 3771 988 3846 sunt
1013 3772 1288 3872 legatis,
1319 3777 1391 3848 ὅτ
1423 3773 1935 3874 Karthaginem
1965 3776 2214 3852 aveffi.
2313 3779 2398 3852 In

439 3893 838 3995 Liguribus
871 3893 1110 3992 magni
1148 3892 1344 3983 belli,
1372 3899 1442 3969 ὅτ
1478 3893 1831 3994 gliscentis
1860 3894 1933 3969 in
1954 3895 2105 3971 dies
2144 3896 2398 3998 magis,

429 4013 819 4090 Camerat.
917 4015 1162 4112 Itaque
1197 4014 1604 4090 consulibus
1658 4017 1888 4105 novis,
1951 4042 2099 4115 quo
2142 4019 2261 4093 die
2306 4020 2398 4094 de

439 4134 820 4235 provinciis
855 4137 921 4212 δι
945 4135 1042 4209 de
1069 4135 1439 4236 republica
1457 4139 1870 4228 retulerunt,
1898 4136 2170 4218 senatus
2194 4137 2398 4215 utris-
