3100 5359
1029 741 1490 834 Ltpzn
1594 739 1765 818 XL.
2178 721 2386 838 ⁰429

403 917 821 1002 oculorum}
873 912 992 994 sed
1039 911 1346 988 fulmina
1387 911 1603 990 etiam
1656 914 1749 986 lic
1802 909 2129 1010 undique
2168 909 2385 992 mica·

407 1041 603 1125 bant,
653 1056 738 1110 ut
783 1033 934 1132 peti
983 1032 1392 1108 viderentur
1435 1057 1727 1129 corpora
1751 1065 1775 1118 ;
1828 1057 1959 1106 nec
1994 1029 2221 1112 solum
2251 1030 2383 1106 mi-

403 1157 589 1246 lites,
641 1155 760 1230 sed
803 1154 1018 1230 etiam
1052 1152 1432 1252 principa,
1485 1152 1607 1226 iai
1656 1153 2007 1226 caderent.
2106 1153 2383 1248 Itaque,

405 1303 642 1376 quum
673 1272 1038 1373 praecipiti
1073 1272 1244 1372 fuga
1269 1299 1394 1371 per
1419 1299 1627 1370 rupes
1661 1275 1991 1370 praealtas
2028 1270 2385 1369 inprovidi

403 1397 882 1479 sternerentur
909 1413 1364 1492 ruerentque,
1419 1392 1767 1467 instabant
1790 1391 2087 1490 quidem
2110 1393 2383 1490 percul-

407 1521 489 1592 fis
553 1518 908 1596 Thraces:
963 1512 1083 1594 sed
1145 1513 1266 1612 ipfi
1331 1515 1528 1588 Deos
1594 1513 1913 1586 auctores
1968 1511 2179 1610 fugae
2224 1512 2385 1598 esse,

408 1638 840 1734 coelumque
871 1634 946 1710 in
972 1633 1038 1711 se
1071 1659 1270 1716 ruere
1299 1634 1599 1729 ajebant.
1702 1631 2023 1730 Diffipati
2060 1633 2387 1730 procella,

409 1783 670 1860 quum,
707 1777 1076 1852 tamquam
1099 1779 1190 1830 ex
1219 1752 1615 1852 naufragiO,
1646 1751 1965 1849 plerique
1988 1751 2387 1828 semiermes

411 1878 488 1952 in
541 1876 780 1965 castra,
833 1875 1029 1950 unde
1083 1871 1378 1971 profecti
1413 1893 1633 1960 erant,
1688 1870 2059 1959 rediffent3
2112 1872 2391 1956 consul,

414 1997 570 2085 tari,
621 1995 805 2094 quid
837 2013 1149 2092 agerent,
1199 2013 1587 2090 coeptum:
1640 1991 1809 2068 inde
1852 2013 2003 2066 orta
2046 1991 2391 2080 diffenfio,

409 2115 568 2201 aliis
599 2117 1082 2202 redeundum,
1106 2112 1260 2192 aliis
1288 2115 1807 2210 penetrandum
1842 2111 1917 2186 in
1954 2113 2393 2188 Dardaniam

413 2234 884 2314 censentibus.
1017 2233 1354 2332 Triginta
1414 2233 1635 2314 ferme
1705 2232 1931 2310 millia
2014 2231 2397 2308 hominum

423 2355 814 2456 (Clondico
847 2357 1035 2434 duce
1069 2352 1368 2453 profecti
1403 2354 1627 2448 erant)
1666 2373 2159 2450 pervenerunt.
2260 2357 2397 2432 Ce-

413 2500 564 2558 tera
614 2474 1008 2554 multitudo
1053 2495 1236 2550 retro
1281 2499 1428 2572 qua
1455 2493 1817 2560 venerant,
1874 2471 2395 2550 transdanubia-

419 2623 586 2676 nam
633 2597 1000 2695 regionem
1051 2593 1354 2693 repetiit.
1455 2591 1769 2680 Perseus,
1820 2591 2091 2690 potitus
2150 2617 2395 2694 regno,

423 2715 723 2790 interfici
772 2715 1233 2814 Antigonum
1273 2714 1507 2808 juffit:
1564 2717 1661 2800 &,
1713 2714 1895 2790 dum
1932 2715 2238 2796 firmaret
2264 2742 2395 2803 ree,

423 2839 687 2934 legatos
733 2837 1052 2916 Romam
1097 2834 1188 2907 ad
1223 2831 1616 2906 amicitiam
1664 2853 2021 2930 paternam
2058 2859 2399 2908 renovan-

428 2957 622 3042 dam,
659 2955 1223 3052 petendumque,
1274 2973 1358 3026 ut
1385 2979 1508 3027 rex
1533 2956 1625 3027 ab
1644 2951 1881 3026 senatu
1910 2954 2398 3050 adpellaretur‚

424 3072 632 3160 mifit.
733 3076 942 3147 Haec
976 3099 1062 3146 eo
1081 3097 1270 3146 anno
1301 3072 1376 3146 in
1411 3071 1851 3150 Macedonia
1876 3073 2087 3170 gesta.

525 3196 734 3273 LIX.
836 3194 1038 3270 Alter
1091 3190 1462 3266 consulum
1517 3195 1628 3293 Q
1655 3191 1953 3266 Fulvius
1986 3219 2076 3265 ex
2112 3191 2401 3294 Liguri-

431 3319 569 3390 bus
607 3312 1091 3412 triumphavit.
1191 3315 1434 3409 Qem
1489 3309 1939 3406 triumphum
1982 3312 2205 3412 magis
2248 3341 2401 3414 gra-

431 3435 594 3520 tiae,
645 3458 868 3532 quam
907 3457 1142 3506 rerum
1187 3430 1536 3529 gestarum
1592 3431 2103 3529 magnitudini,
2154 3434 2405 3512 datum

431 3553 812 3630 constabat.
943 3557 1337 3630 Armorum
1403 3549 1769 3624 hostilium
1847 3575 2179 3649 magnam
2254 3555 2405 3630 vim

437 3671 821 3759 transtulit3
874 3673 1144 3745 nullam
1196 3669 1579 3766 pecuniam
1629 3671 2050 3744 admodum.
2152 3675 2408 3750 Divisit

435 3814 674 3868 tamen
731 3791 807 3866 in
861 3793 1164 3890 fingulos
1211 3789 1470 3867 milites
1521 3788 1823 3864 tricenos
1876 3789 2076 3880 aeris,
2139 3794 2408 3891 duplex

440 3910 1006 3997 centurionibus,
1058 3909 1314 4007 triplex
1345 3907 1596 4008 equiti.
1700 3909 1906 3986 Nihil
1935 3909 2009 3984 in
2038 3938 2123 3987 eo
2156 3913 2407 3988 trium-

441 4033 590 4130 pho
641 4029 866 4129 magis
915 4029 1178 4128 infigne
1225 4027 1390 4116 fuit,
1443 4055 1664 4128 quam
1700 4033 1899 4128 quod
1932 4031 2107 4104 forte
2142 4034 2406 4124 evenit,

439 4169 524 4228 ut
569 4150 825 4227 eodem
881 4149 999 4224 die
1053 4148 1546 4247 triumpharet,
1600 4173 1750 4254 quo
1802 4149 2031 4248 priore
2082 4177 2271 4226 anno
2318 4181 2407 4228 ex
