3100 5359
816 752 900 802 12
1452 725 2083 800 T.L1v11

812 912 865 944 “
900 897 1187 974 consilio
1226 899 1558 985 habeant,
1609 900 1864 972 eodem
1899 900 1991 973 ad
2031 896 2544 996 impetrandam
2573 897 2782 974 veni·

810 1033 859 1068 “
896 1047 1011 1096 am
1045 1021 1389 1094 utantur?
1440 1020 1644 1094 fimul
1677 1044 1759 1093 ac
1796 1021 2216 1094 Romanum
2263 1017 2656 1094 exercitum
2693 1018 2780 1096 in

808 1152 861 1186 “
896 1138 1199 1216 Graecia
1246 1138 1582 1227 viderint,
1651 1138 1743 1212 ad
1797 1138 2213 1214 consuetum
2265 1138 2647 1238 imperium
2703 1137 2778 1219 se

808 1273 859 1308 ‘⁶
894 1263 1257 1337 avertant?
1334 1285 1468 1336 nec
1525 1259 1616 1335 iis
1674 1285 1899 1336 noxae
1961 1258 2286 1336 futurum
2353 1263 2459 1350 fit,
2537 1261 2772 1357 quod,

808 1394 859 1430 ‘⁶
894 1407 1126 1484 quum
1160 1380 1476 1457 Romani
1510 1381 1760 1480 procul
1791 1383 2124 1468 abeffent,
2161 1379 2308 1456 vim
2339 1401 2537 1456 tuam
2571 1407 2772 1478 prae-

806 1514 860 1552 “
895 1501 1103 1579 sentis
1195 1499 1685 1600 exercitusque
1767 1500 1875 1574 tui
1959 1499 2260 1600 experiri
2345 1499 2706 1576 noluerint
2739 1503 2767 1574 ?

804 1634 856 1669 ‘⁶
890 1629 1187 1726 Qanto
1230 1621 1449 1722 igitur
1496 1620 1690 1720 prius
1741 1620 2117 1720 potiusque
2169 1621 2295 1709 est,
2347 1621 2772 1720 Philippum

803 1755 855 1792 “
892 1743 1099 1820 nobis
1142 1743 1596 1842 conjungere,
1649 1768 1868 1841 quam
1913 1743 2095 1816 hos?
2147 1741 2294 1830 cui,
2347 1745 2393 1815 fi
2440 1740 2648 1816 semel
2690 1741 2774 1816 in

802 1877 855 1912 “
890 1866 1195 1940 cauffam
1240 1861 1702 1952 descenderit,
1755 1861 1934 1936 nihil
1985 1861 2239 1962 integri
2294 1861 2616 1936 futurum
2660 1867 2771 1951 fit,

801 1995 855 2032 “
886 1983 1163 2085 quique
1196 2011 1309 2059 eas
1338 1983 1515 2058 vires
1546 1982 1839 2071 adferat,
1891 2009 2073 2081 quae
2109 2009 2256 2057 non
2289 1985 2576 2058 acceffio
2610 2003 2766 2058 tan-

798 2117 853 2152 “
888 2127 1044 2182 tum
1078 2106 1168 2180 ad
1196 2107 1618 2178 Romanum
1651 2105 1785 2179 effe
1819 2105 2114 2193 bellurn,
2168 2102 2283 2178 sed
2319 2129 2444 2202 per
2477 2102 2542 2176 se
2577 2101 2766 2202 ipsae

798 2236 853 2270 ‘⁶
887 2251 1115 2323 nuper
1162 2223 1490 2300 sustinere
1528 2224 1892 2324 potuerint
1925 2227 2316 2300 Romanos.
2417 2225 2591 2300 Hoc
2625 2251 2768 2324 ego

799 2357 851 2391 ‘⁸
884 2348 1221 2444 adjundto
1276 2348 1477 2444 (abfit
1527 2347 1744 2420 verbo
1794 2344 2095 2440 invidia)
2136 2345 2264 2443 qui
2300 2343 2622 2420 dubitare
2665 2345 2766 2420 de

794 2477 844 2511 “
880 2486 1137 2542 eventu
1172 2467 1473 2564 poffim?
1526 2491 1785 2565 quum,
1836 2463 2102 2563 quibus
2133 2464 2458 2541 adversus
2494 2465 2764 2566 Philip-

796 2597 849 2632 “
884 2613 1062 2686 pum
1104 2586 1452 2661 valuerint
1504 2585 1848 2673 Romani,
1901 2584 1984 2660 iis
2035 2610 2229 2662 nunc
2284 2585 2429 2662 fore
2475 2585 2763 2664 videam

795 2719 847 2753 “
880 2729 963 2781 ut
1010 2707 1135 2805 ips1
1187 2709 1716 2806 obpugnentur.
1829 2704 2098 2795 Aetoli,
2161 2704 2292 2804 qui
2345 2704 2768 2806 Philippum

796 2839 849 2874 “
888 2829 1123 2928 (quod
1155 2825 1337 2903 inter
1364 2853 1613 2902 omnes
1642 2825 2326 2920 constat)·vicerunt,
2377 2853 2548 2905 cum
2589 2827 2763 2902 Phi-

728 3031 731 3034 ,
794 2960 847 2994 “
882 2948 1080 3048 lippo
1108 2946 1430 3022 adversus
1466 2949 1836 3022 Romanos
1871 2950 2324 3048 pugnabunt.
2389 2951 2760 3045 Amynan-

794 3081 845 3116 “
880 3073 1008 3146 der
1032 3091 1243 3168 atque
1266 3069 1758 3143 Athamanum
1787 3095 1984 3168 gens,
2021 3093 2334 3166 quorum
2361 3065 2760 3148 secundum

793 3201 845 3237 “
879 3191 1173 3266 Aetolos
1194 3189 1501 3288 plurima
1528 3187 1668 3264 fuit
1685 3215 1896 3288 opera
1921 3189 1995 3264 in
2019 3217 2109 3266 eo
2139 3191 2352 3278 bello,
2383 3187 2756 3266 nobiscum

791 3321 843 3356 “
878 3311 1183 3388 stabunt.
1284 3309 1662 3409 Philippus
1697 3329 1879 3399 tum,
1931 3331 1999 3386 te
2033 3309 2308 3408 quiete,
2343 3330 2565 3386 totam
2599 3337 2758 3386 mo-

790 3435 1015 3508 “lem
1056 3431 1432 3508 sustinebat
1483 3429 1694 3508 belli:
1747 3455 1941 3508 nunc
1987 3431 2136 3506 duo
2186 3429 2484 3508 maximi
2529 3456 2753 3530 rege5‚

790 3563 843 3599 “
879 3557 1081 3629 Asiae
1134 3555 1610 3650 Europaeque
1639 3550 1936 3640 viribuS,
1987 3535 2311 3628 adversus
2357 3575 2590 3630 unum
2623 3577 2752 3650 po-

789 3685 843 3720 “
878 3675 1161 3774 pulum,
1218 3678 1331 3771 (ut
1360 3699 1596 3749 meam
1630 3693 2006 3771 utramque
2040 3671 2398 3749 fortunam
2445 3673 2748 3767 taceam)

786 3805 841 3842 “
875 3817 1157 3894 patrum
1188 3815 1373 3871 certe
1400 3815 1622 3868 aetate
1671 3819 1760 3868 ne
1790 3792 1918 3867 uni
1951 3793 2252 3891 quidem
2295 3791 2751 3891 Epirotarum

784 3925 839 3960 “
874 3916 1021 4016 regi
1063 3941 1331 4014 parem,
1386 3913 1600 4012 (quid
1635 3913 1926 3988 tandem
1971 3913 2102 3988 erit
2129 3911 2499 3990 vobiscum
2549 3939 2748 3990 com-

784 4047 837 4082 “
874 4059 1149 4138 params
1174 4039 1233 4132 ?)
1266 4035 1519 4137 geretis
1548 4035 1840 4110 bellum.
1938 4038 2144 4135 Qae
2175 4032 2396 4133 igitur
2427 4059 2532 4108 res
2565 4031 2748 4108 mihi

786 4167 839 4204 “
870 4157 1217 4234 fiduciam
1274 4159 1586 4256 praebet,
1663 4154 2002 4255 conjungi
2061 4155 2269 4231 nobis
2323 4153 2752 4253 Philippum
