3100 5359
840 725 932 795 62
1134 831 1141 841 β
1492 725 2146 798 T.L1v11

933 898 1213 971 XLIII.
1320 899 1433 972 Eo
1466 896 1607 973 fere
1643 920 1956 998 tempore
1989 898 2234 974 consul
2275 899 2554 976 Acilius
2602 906 2816 979 Nau-

836 1018 1125 1116 pactum
1182 1019 1664 1117 obpugnabat.
1765 1018 2065 1093 Livium
2128 1018 2296 1095 Deli
2353 1047 2480 1119 per
2529 1022 2818 1121 aliquot

837 1139 989 1214 dies
1029 1141 1129 1235 (ὅτ
1164 1137 1265 1211 est
1287 1141 1742 1212 ventofiffima
1773 1139 1968 1238 regio
2003 1139 2184 1213 inter
2203 1140 2574 1239 Cycladas,
2608 1141 2812 1217 fretis

836 1257 1002 1332 alias
1062 1256 1470 1354 majoribus,
1520 1257 1686 1331 alias
1751 1258 2146 1334 minoribus
2205 1259 2486 1355 divisas)
2541 1263 2808 1337 adversi

833 1377 1029 1454 venti
1058 1397 1459 1452 tenuerunt.
1528 1377 2030 1476 Polyxenidas,
2081 1379 2336 1454 certior
2361 1407 2486 1479 per
2518 1380 2806 1478 dispofi-

835 1519 938 1574 tas
989 1496 1476 1596 speculatorias
1530 1523 1738 1571 naves
1791 1497 2040 1588 factus,
2097 1498 2264 1574 Deli
2309 1481 2492 1574 stare
2525 1501 2802 1575 Roma-

832 1647 1000 1695 nam
1066 1620 1369 1706 ciatrem,
1449 1617 1750 1693 nuncios
1825 1619 1918 1692 ad
1984 1645 2224 1718 regem
2289 1617 2495 1697 mifit.
2612 1621 2798 1722 Qi,

788 1819 801 1830 ‚
832 1727 1115 1828 omifl'is,
1167 1763 1350 1838 quae
1380 1737 1456 1812 in
1489 1739 1959 1837 Hellesponto
1991 1742 2268 1838 agebat,
2305 1765 2474 1814 cum
2495 1739 2800 1814 rostratis

830 1859 1157 1947 navibus,
1193 1878 1543 1958 quantum
1565 1860 1952 1933 adcelerare
1982 1859 2242 1957 potuit,
2291 1857 2654 1956 Ephesum
2686 1887 2795 1934 re·

830 1980 1000 2055 diitx
1052 1979 1129 2052 &
1161 1979 1533 2057 confilium
1567 1981 1926 2078 extemplo
1964 1979 2237 2069 habuit,
2289 1978 2792 2055 faciendumne

828 2099 1229 2201 periculum
1289 2098 1551 2174 navalis
1587 2099 1985 2174 certaminis
2019 2098 2218 2174 foret.
2320 2101 2792 2198 Polyxenidas

828 2222 1128 2320 negabat
1160 2219 1603 2296 cessandum:
1657 2230 1708 2262 “
1745 2219 1821 2291 &
1853 2219 2106 2318 utique
2143 2219 2337 2318 prius
2394 2220 2786 2319 confligen-

828 2351 879 2386 “
915 2343 1122 2428 dum,
1173 2365 1395 2438 quam
1435 2341 1648 2414 claflis
1700 2337 2044 2414 Eumenis
2093 2343 2160 2412 ὅτ
2204 2337 2538 2413 Rhodiae
2577 2365 2788 2415 naves

828 2472 879 2506 “
918 2461 1512 2558 conjungerentur
1577 2458 1946 2533 Romanis.
2075 2461 2182 2532 Ita
2261 2483 2560 2533 numero
2639 2485 2786 2534 non

827 2591 877 2624 “
912 2579 1130 2654 ferme
1177 2578 1449 2677 inpares
1482 2576 1758 2652 futuros
1791 2577 1883 2666 se,
1935 2577 2180 2653 ceteris
2213 2579 2546 2657 omnibus
2579 2579 2783 2679 supe-

824 2710 875 2743 “
913 2698 1151 2785 riores,
1201 2697 1276 2768 δε
1312 2695 1660 2772 celeritate
1694 2697 2010 2786 navium,
2065 2703 2132 2772 ὅτ
2166 2697 2494 2774 varietate
2525 2700 2784 2774 auxili-

823 2829 874 2882 .“
910 2842 1140 2891 orum.
1220 2819 1414 2890 Nam
1433 2818 1794 2891 Romanas
1815 2843 2050 2905 naves,
2086 2843 2318 2916 quum
2343 2819 2517 2917 ipsas
2538 2819 2784 2896 inscite

820 2949 875 2984 “
910 2935 1121 3012 factas
1154 2935 1527 3012 inmobiles
1555 2940 1713 3024 effe,
1749 2958 1907 3011 tum
1940 2936 2179 3025 etiam,
2203 2958 2312 3012 ·ut
2334 2939 2618 3036 quaein
2645 2961 2781 3015 ter-

817 3068 868 3102 “
904 3083 1053 3133 ram
1111 3055 1423 3131 hostium
1490 3055 1805 3144 veniant,
1859 3077 2170 3130 oneratas
2209 3080 2611 3133 commeatu
2655 3085 2776 3134 ve-

816 3188 868 3224 “
902 3176 1089 3252 nire:
1117 3175 1267 3251 suas
1296 3197 1563 3266 autern,
1595 3198 1678 3251 ut
1709 3198 1948 3274 pacata
1978 3175 2220 3251 omnia
2251 3177 2438 3253 circa
2468 3178 2534 3252 se
2567 3180 2776 3254 relin-

816 3309 869 3344 “
904 3317 1224 3398 quentes,
1301 3295 1481 3371 nihil
1565 3317 1834 3394 praeter
1914 3296 2220 3372 militem
2295 3317 2509 3396 atque
2582 3326 2778 3375 arma

815 3427 867 3465 “
902 3417 1279 3493 habituras.
1379 3417 1708 3491 Multum
1760 3415 1972 3490 etiam
2009 3417 2408 3513 adjuturam
2447 3419 2773 3495 notitiam

812 3550 863 3585 ‘⁶
899 3538 1109 3614 maris
1164 3559 1644 3634 terrarumque
1683 3541 1752 3610 &
1803 3557 2212 3611 ventorum:
2286 3563 2468 3636 quae
2526 3539 2771 3615 omnia

811 3670 864 3705 “
899 3659 1177 3758 ignaros
1206 3659 1568 3731 turbatura
1595 3655 1823 3730 hostes
1856 3659 2136 3731 effent.”
2233 3659 2480 3733 Movit
2516 3663 2768 3735 'omnes

806 3781 1051 3854 auctor
1095 3776 1386 3865 confilii,
1458 3775 1588 3876 qui
1627 3781 1696 3850 δι’
1755 3802 1828 3850 re
1888 3776 2256 3852 confilium
2308 3779 2763 3855 exsecuturus

807 3919 972 3974 erat.
1071 3897 1387 3972 Biduum
1420 3896 1496 3971 in
1528 3898 1862 3994 adparatu
1891 3897 2176 3972 morati:
2213 3899 2418 3973 tertio
2444 3900 2562 3975 die
2597 3927 2758 3976 cen-

806 4039 965 4094 tum
990 4015 1315 4105 navibuS,
1366 4041 1670 4113 quarum
1716 4015 2153 4116 septuaginta
2195 4021 2441 4110 testae,
2494 4041 2762 4097 ceterae

801 4159 1104 4240 apertae,
1175 4135 1464 4213 minoris
1528 4145 1776 4212 omn'es
1828 4134 2118 4228 formae,
2171 4160 2389 4231 erant,
2457 4140 2752 4242 profefli
