3100 5359
877 722 953 795 L
1004 742 1032 794 ι
1093 744 1134 795 n
1195 744 1239 793 E
1295 742 1342 794 a
1447 718 1808 795 XXXIX.
2186 722 2327 819 285

369 902 420 939 ‘⁸
454 890 927 993 praedicenda
954 916 1142 969 ratus
1173 892 1357 982 sum,
1405 920 1494 969 ne
1525 920 1670 994 qua
1694 889 2087 993 superstitio
2115 891 2333 991 agita-

369 1025 424 1058 “
457 1035 561 1089 ret
599 1011 876 1089 animos
919 1013 1203 1102 vestros,
1241 1040 1470 1112 quum
1506 1012 1971 1088 demolientes
1996 1040 2125 1087 nos
2159 1016 2330 1087 Bac-

367 1143 422 1179 “
459 1134 776 1210 chanalia
800 1133 1392 1232 discutientesque
1422 1133 1722 1209 nefarios
1744 1156 1988 1210 coetus
2016 1160 2331 1208 cernere-

370 1266 422 1299 “
459 1254 569 1330 tis.
669 1252 964 1341 Omnia,
1021 1253 1182 1329 Diis
1230 1253 1555 1353 propitiis
1618 1251 2190 1353 volentibusque,
2248 1280 2334 1328 ea

369 1384 422 1419 “
458 1373 841 1449 faciemus=
891 1372 1053 1471 qui,
1111 1372 1287 1473 quia
1351 1373 1561 1448 suum
1625 1372 1897 1449 numen
1963 1373 2335 1450 sceleribus

369 1503 421 1539 ‘⁶
460 1492 1024 1591 libidinibusque
1057 1492 1517 1569 contaminari
1545 1492 1841 1594 indigne
1874 1492 2214 1584 ferebant,
2243 1520 2336 1569 ex

371 1623 424 1657 ‘⁸
461 1612 761 1689 occultis
794 1639 874 1687 ea
899 1612 1204 1689 tenebris
1238 1612 1313 1685 in
1342 1614 1577 1688 lucem
1600 1636 2073 1690 extraxerunt.
2174 1618 2335 1689 Nec

371 1744 422 1777 “
460 1733 800 1831 patefieri,
853 1754 936 1807 ut
991 1732 1317 1831 inpunita
1348 1736 1589 1823 effent,
1626 1733 1745 1809 sed
1781 1757 1861 1809 ut
1890 1734 2337 1811 vindicaren-

373 1862 424 1898 “
459 1874 573 1928 tur
599 1857 665 1928 sc
689 1853 1278 1950 obprimerentur,
1299 1855 1699 1930 voluerunt.
1782 1858 2076 1931 Senatus
2095 1854 2336 1955 quaes-

375 1984 425 2019 “
461 1974 732 2049 tionem
763 1994 960 2048 extra
983 1975 1308 2048 ordinem
1337 1975 1426 2048 de
1461 2001 1542 2048 ea
1564 2002 1635 2049 re
1668 1974 1847 2050 mihi
1880 1978 2334 2075 collegaeque

376 2106 426 2141 ‘⁸
463 2121 627 2170 meo
679 2092 1084 2170 mandavit:
1140 2120 1294 2181 nos,
1353 2119 1534 2192 quae
1588 2093 1747 2191 ipfis
1806 2094 2012 2170 nobis
2064 2096 2339 2195 agenda

374 2216 428 2261 '⁸‘
464 2213 652 2304 sunt,
687 2213 965 2313 inpigre
999 2211 1488 2314 exsequemur.
1591 2213 2020 2315 Vigiliarum
2052 2218 2335 2291 noetur-

376 2346 426 2380 “
461 2360 712 2411 narum
759 2360 1004 2409 curam
1037 2360 1159 2433 per
1191 2337 1444 2409 urbem
1475 2333 1870 2410 minoribus
1922 2334 2336 2434 magistrati-

380 2466 432 2501 “
466 2459 600 2533 bus
647 2452 1166 2531 mandavimus.
1266 2458 1414 2529 Vos
1458 2479 1783 2553 quoque,
1846 2481 2161 2554 aequum
2204 2456 2335 2545 est,

381 2586 430 2621 ‘⁴
466 2602 650 2675 quae
693 2574 916 2650 vestra
945 2574 1194 2651 munia
1223 2573 1407 2663 sunt,
1442 2601 1593 2674 quo
1626 2574 1928 2675 quisque
1968 2578 2129 2652 loco
2161 2580 2335 2677 poli-

382 2706 430 2741 “
467 2716 577 2772 tus
605 2696 762 2785 erit,
795 2698 998 2796 quod
1027 2695 1513 2793 imperabitur,
1549 2695 1827 2796 inpigre
1853 2696 2215 2796 praestare,
2267 2700 2339 2773 δε

383 2827 433 2861 “
468 2818 631 2893 dare
659 2842 977 2916 operam,
1011 2842 1101 2890 ne
1129 2815 1312 2914 quid
1344 2813 1592 2891 fraude
1624 2815 2008 2892 noxiorum
2040 2816 2337 2918 periculi

383 2946 432 2981 ‘⁶
465 2958 588 3011 aut
615 2938 968 3012 tumultus
999 2934 1334 3010 oriatur.”

473 3056 716 3133 XVII.
814 3054 1134 3131 Recitari
1187 3054 1449 3131 deinde
1506 3056 2091 3133 senatusconsulta
2124 3060 2337 3157 jusse-

378 3197 568 3264 runt,
628 3174 999 3273 indicique
1043 3175 1440 3275 praemium
1502 3177 2019 3277 proposuerunt
2076 3183 2121 3252 fi
2175 3180 2343 3277 quis

378 3322 594 3395 quem
627 3298 720 3373 ad
773 3296 840 3371 se
870 3295 1298 3385 deduxisset,
1334 3324 1687 3373 nomenve
1718 3297 2019 3375 absentis
2047 3299 2336 3375 detulis-

377 3417 491 3493 set.
591 3428 645 3463 “
681 3415 834 3519 Qi
868 3416 1274 3491 nominatus
1319 3416 1758 3518 profugisset,
1818 3419 2014 3494 diem
2072 3443 2337 3497 certam

381 3546 430 3581 “
463 3536 530 3613 se
563 3536 888 3613 finituros
902 3570 926 3625 3
977 3538 1069 3613 ad
1113 3563 1336 3637 quam
1378 3537 1502 3611 nifi
1556 3537 1811 3613 citatus
1860 3539 2337 3639 respondiffet,

383 3664 434 3701 “
467 3656 710 3733 absens
771 3660 1248 3734 damnaretur.
1347 3658 1420 3732 Si
1469 3658 1633 3757 quis
1676 3684 1953 3748 eorum,
2004 3660 2137 3761 qui
2180 3684 2339 3738 tum

383 3786 433 3820 ‘⁶
467 3798 662 3853 extra
723 3798 978 3853 terram
1040 3776 1313 3853 Italiam
1381 3781 1623 3867 effent,
1688 3780 2192 3871 nominaretur,
2268 3786 2335 3860 ei

383 3906 433 3942 ‘⁶
465 3897 800 3973 laxiorem
866 3898 1064 3973 diem
1123 3900 1434 3986 daturos,
1495 3902 1541 3973 fi
1607 3899 1846 3975 venire
1882 3902 1975 3975 ad
2033 3906 2337 3982 cauffam

386 4028 434 4063 ‘⁴
462 4018 844 4095 dicendam
871 4020 1150 4095 vellet.'’
1213 4018 1617 4095 Edixerunt
1642 4019 1931 4111 deinde,
1969 4031 2021 4066 “
2058 4049 2147 4097 ne
2174 4025 2337 4123 quis

385 4148 434 4185 ⁸¹
467 4139 650 4241 quid
676 4139 890 4240 fugae
917 4136 1144 4216 causta
1171 4124 1595 4233 isendidifl'e,
1630 4166 1807 4219 neve
1830 4141 2071 4219 emiffe
2090 4146 2331 4221 vellet:
