3100 5359
877 743 952 819 L
1008 768 1038 817 1
1101 768 1144 819 n
1195 768 1242 819 n
1291 769 1342 819 n
1441 748 1805 823 XXXIX.
2190 774 2341 851 339

345 916 613 993 Porcio
673 916 1126 997 consulibus:
1206 918 1326 995 sed
1387 918 1554 995 iniit
1620 920 2091 1011 tribunatum,
2186 926 2331 1021 Ap.

349 1036 698 1126 Claudio,
744 1038 862 1112 M.
911 1038 1336 1137 Sempronio
1386 1039 1825 1130 consulibus,
1890 1062 2054 1115 ante
2138 1042 2335 1117 diem

353 1178 691 1254 quartum
723 1159 896 1233 Idus
931 1160 1388 1235 Decembres,
1487 1161 1668 1239 Inde
1722 1181 1857 1235 tres
1908 1158 2179 1237 menses
2234 1162 2331 1238 ad

351 1276 532 1352 Idus
566 1276 864 1353 Martias
897 1275 1102 1365 sunt3
1174 1276 1441 1377 quibus
1475 1282 1558 1353 P.
1593 1280 1967 1369 ClaudiuS,
2030 1282 2124 1357 L.
2160 1283 2331 1353 Por-

347 1393 514 1473 cius
562 1395 1010 1473 consulatum
1039 1396 1374 1475 inierunt.
1474 1401 1583 1473 Ita
1608 1403 1679 1475 &
1712 1399 1959 1475 vixiffe
1995 1398 2069 1473 in
2102 1397 2328 1473 tribu-

357 1536 532 1591 natu
567 1514 828 1591 Naevii
861 1516 1170 1607 videtur,
1215 1516 1508 1617 diesque
1540 1519 1608 1595 ei
1636 1518 1785 1595 dici
1818 1520 1911 1595 ab
1942 1544 2029 1593 eo
2063 1517 2329 1616 potuis-

349 1634 460 1723 se;
511 1634 860 1711 deceffiffe
911 1655 1150 1711 autern
1203 1656 1363 1719 ante
1405 1641 1502 1713 L.
1535 1638 1797 1715 Valerii
1836 1643 1906 1713 δε
1940 1640 2058 1713 Μ.
2094 1638 2331 1713 Porcii

347 1754 744 1833 censuram.
862 1755 1124 1833 Trium
1175 1756 1707 1834 clariffimorum
1759 1756 1917 1833 suae
1984 1756 2331 1857 cujusque

345 1872 584 1974 gentis
638 1875 956 1951 virorum
1011 1902 1156 1951 non
1209 1876 1435 1975 magis
1500 1898 1819 1974 ternpore
1890 1900 2327 1976 congruente

343 1994 849 2093 comparabilis
877 2022 1066 2071 mors
1098 1994 1382 2071 videtur
1413 2002 1573 2083 effe,
1628 2021 1845 2094 quarn
1881 1998 2085 2094 quod
2112 2022 2329 2073 nemo

345 2140 604 2192 eorum
640 2112 796 2189 satis
818 2116 1126 2215 dignum
1155 2114 1518 2214 splendore
1536 2114 1721 2189 vitae
1748 2114 2027 2193 exitum
2046 2116 2325 2195 habuit.
2440 2164 2445 2171 ·

343 2237 518 2331 Jam
576 2234 894 2332 primum
941 2262 1190 2311 omnes
1241 2260 1388 2309 non
1442 2235 1515 2309 in
1570 2233 1797 2333 patrio
1842 2233 1987 2309 solo
2030 2236 2323 2327 mortui,

347 2380 482 2433 nec
532 2353 786 2452 sepulti
829 2354 1015 2431 sunt.
1114 2359 1414 2431 Veneno
1457 2353 1763 2431 absumti
1820 2354 2197 2431 Hannibal
2252 2361 2325 2432 δι

349 2472 917 2572 Philopoemen3
970 2474 1166 2557 exsul
1227 2473 1625 2563 Hannibal,
1685 2475 2011 2573 proditus
2042 2476 2134 2553 ab
2164 2474 2323 2551 hos·

345 2591 544 2693 pite3
597 2614 843 2692 captus
872 2593 1388 2693 Philopoemen
1416 2592 1492 2667 in
1518 2619 1791 2669 carcere
1819 2599 1888 2671 &
1922 2594 1997 2669 in
2018 2594 2323 2671 vinculis

345 2710 745 2810 exspiravit.
845 2713 1116 2812 Scipi0,
1165 2718 1282 2789 etfi
1317 2740 1464 2792 non
1497 2713 1722 2803 exsul,
1758 2741 1991 2815 neque
2026 2715 2319 2793 damna-

349 2853 492 2921 tus,
551 2832 670 2909 die
698 2856 936 2911 tamen
964 2833 1180 2922 dida,
1238 2835 1331 2909 ad
1364 2860 1584 2931 quam
1620 2859 1767 2909 non
1786 2833 2107 2910 adfuerat
2132 2860 2320 2924 reus,

341 2950 588 3031 absens
639 2952 919 3042 citatus,
973 2953 1456 3031 voluntarium
1509 2978 1656 3029 non
1704 2952 1980 3029 sibimet
2024 2951 2169 3051 ipse
2210 2951 2315 3028 so-

345 3073 532 3163 lum,
567 3072 690 3149 sed
707 3073 922 3151 etiam
949 3072 1178 3149 funeri
1209 3071 1360 3163 suo,
1411 3072 1737 3147 exsilium
1770 3070 2057 3149 indixit.

442 3194 648 3279 LIII,
751 3196 956 3271 Dum
991 3220 1073 3269 ea
1107 3191 1182 3267 in
1225 3191 1714 3291 Peloponneso
1770 3196 1845 3289 (a
1896 3190 2163 3289 quibus
2206 3190 2317 3273 di-

345 3314 560 3391 vertit
611 3315 866 3409 oratio)
925 3334 1295 3414 geruntur,
1353 3311 1621 3389 reditus
1680 3312 1758 3385 in
1806 3308 2321 3391 Macedoniam

347 3434 700 3512 Demetrii
756 3436 1296 3534 legatorumque
1353 3431 1555 3507 aliter
1610 3430 1912 3510 aliorum
1968 3428 2321 3507 adfecerat

343 3552 646 3631 animos.
745 3557 1026 3655 Vulgus
1057 3553 1581 3640 Macedonum,
1616 3576 1798 3650 quos
1825 3549 1994 3625 belli
2040 3550 2131 3627 ab
2164 3550 2319 3625 Ro-

349 3673 577 3751 manis
633 3672 1048 3751 inminentis
1103 3694 1334 3749 metus
1399 3692 1762 3761 terruerat,
1835 3668 2318 3759 Demetrium,

347 3814 430 3871 ut
473 3792 666 3892 pacis
689 3796 1081 3882 auctorem,
1145 3818 1316 3869 cum
1348 3790 1623 3892 ingenti
1652 3790 1889 3869 favore
1928 3788 2315 3889 conspicie-

347 3915 558 3991 bante
609 3916 816 3989 fimul
867 3917 938 3989 δε
991 3911 1106 4011 spe
1137 3913 1353 3987 ·haud
1416 3910 1645 3987 dubia
1698 3936 1996 4011 regnum
2041 3910 2108 3985 ei
2158 3909 2317 4009 post

349 4054 652 4113 mortem
703 4033 914 4135 patris
974 4030 1436 4117 destinabant.
1534 4040 1587 4073 “
1624 4032 1846 4120 Nam,
1904 4032 2025 4104 etsi
2080 4028 2315 4105 minor

353 4160 402 4197 “
433 4172 682 4244 aetate,
741 4168 960 4255 quarn
994 4150 1308 4249 Perseus,
1359 4152 1550 4241 effet,
1602 4151 1798 4227 hunc
1850 4170 2086 4225 tamen
2124 4148 2313 4247 justa
