<?xml version="1.0" encoding="UTF-8"?>
<!DOCTYPE html PUBLIC "-//W3C//DTD XHTML 1.0 Transitional//EN"
    "http://www.w3.org/TR/xhtml1/DTD/xhtml1-transitional.dtd">
<html xmlns="http://www.w3.org/1999/xhtml" xml:lang="en" lang="en">
 <head>
  <title>
</title>
<meta http-equiv="Content-Type" content="text/html;charset=utf-8" />
  <meta name='ocr-system' content='tesseract 3.04.00' />
  <meta name='ocr-capabilities' content='ocr_page ocr_carea ocr_par ocr_line ocrx_word'/>
</head>
<body>
  <div class='ocr_page' id='page_1' title='image "./tliviipatavinih01homegoog_0419.png"; bbox 0 0 3100 5359; ppageno 0'>
   <div class='ocr_carea' id='block_1_1' title="bbox 1039 713 2401 816">
    <p class='ocr_par' dir='ltr' id='par_1_1' title="bbox 1039 713 2401 816">
     <span class='ocr_line' id='line_1_1' title="bbox 1039 713 2401 816; baseline -0.004 -15"><span class='ocrx_word' id='word_1_1' title='bbox 1039 713 1773 800; x_wconf 71' lang='lat' dir='ltr'>L1nnRXL.</span> <span class='ocrx_word' id='word_1_2' title='bbox 2262 741 2401 816; x_wconf 87' lang='lat'>411</span> 
     </span>
    </p>
   </div>
   <div class='ocr_carea' id='block_1_2' title="bbox 433 881 2415 1354">
    <p class='ocr_par' dir='ltr' id='par_1_2' title="bbox 433 881 2415 1354">
     <span class='ocr_line' id='line_1_2' title="bbox 433 881 2407 998; baseline -0.005 -20"><span class='ocrx_word' id='word_1_3' title='bbox 433 893 686 978; x_wconf 79' lang='lat' dir='ltr'>milius</span> <span class='ocrx_word' id='word_1_4' title='bbox 733 896 1089 998; x_wconf 83' lang='lat' dir='ltr'>Lepidus,</span> <span class='ocrx_word' id='word_1_5' title='bbox 1153 924 1386 998; x_wconf 88' lang='lat' dir='ltr'>quum</span> <span class='ocrx_word' id='word_1_6' title='bbox 1419 895 1631 971; x_wconf 90' lang='lat' dir='ltr'>multi</span> <span class='ocrx_word' id='word_1_7' title='bbox 1663 893 1829 972; x_wconf 88' lang='lat' dir='ltr'>clari</span> <span class='ocrx_word' id='word_1_8' title='bbox 1860 892 1994 969; x_wconf 86' lang='lat' dir='ltr'>viri</span> <span class='ocrx_word' id='word_1_9' title='bbox 2044 881 2407 994; x_wconf 73' lang='lat' dir='ltr'>petiffentz</span> 
     </span>
     <span class='ocr_line' id='line_1_3' title="bbox 445 1014 2414 1119; baseline -0.005 -21"><span class='ocrx_word' id='word_1_10' title='bbox 445 1027 518 1097; x_wconf 75' lang='grc' dir='ltr'>ὅτ</span> <span class='ocrx_word' id='word_1_11' title='bbox 569 1018 930 1096; x_wconf 87' lang='lat' dir='ltr'>decemvir</span> <span class='ocrx_word' id='word_1_12' title='bbox 988 1017 1342 1092; x_wconf 88' lang='lat' dir='ltr'>sacrorum</span> <span class='ocrx_word' id='word_1_13' title='bbox 1393 1015 1841 1119; x_wconf 78' lang='lat' dir='ltr'>QMarcius</span> <span class='ocrx_word' id='word_1_14' title='bbox 1894 1014 2270 1114; x_wconf 82' lang='lat' dir='ltr'>Philippus</span> <span class='ocrx_word' id='word_1_15' title='bbox 2337 1015 2414 1089; x_wconf 91' lang='lat' dir='ltr'>in</span> 
     </span>
     <span class='ocr_line' id='line_1_4' title="bbox 441 1135 2409 1241; baseline -0.004 -24"><span class='ocrx_word' id='word_1_16' title='bbox 441 1141 756 1241; x_wconf 86' lang='lat' dir='ltr'>ejusdem</span> <span class='ocrx_word' id='word_1_17' title='bbox 781 1141 1026 1214; x_wconf 83' lang='lat' dir='ltr'>locum</span> <span class='ocrx_word' id='word_1_18' title='bbox 1059 1137 1158 1216; x_wconf 88' lang='lat' dir='ltr'>est</span> <span class='ocrx_word' id='word_1_19' title='bbox 1190 1159 1582 1238; x_wconf 78' lang='lat' dir='ltr'>cooptatus,</span> <span class='ocrx_word' id='word_1_20' title='bbox 1652 1139 1750 1210; x_wconf 94' lang='lat' dir='ltr'>Et</span> <span class='ocrx_word' id='word_1_21' title='bbox 1774 1161 2002 1234; x_wconf 87' lang='lat' dir='ltr'>augur</span> <span class='ocrx_word' id='word_1_22' title='bbox 2018 1137 2137 1234; x_wconf 88' lang='lat' dir='ltr'>Sp.</span> <span class='ocrx_word' id='word_1_23' title='bbox 2162 1135 2409 1210; x_wconf 89' lang='lat' dir='ltr'>Postu-</span> 
     </span>
     <span class='ocr_line' id='line_1_5' title="bbox 441 1236 2415 1354; baseline -0.004 -17"><span class='ocrx_word' id='word_1_24' title='bbox 441 1260 638 1337; x_wconf 84' lang='lat' dir='ltr'>mius</span> <span class='ocrx_word' id='word_1_25' title='bbox 671 1261 988 1336; x_wconf 84' lang='lat' dir='ltr'>Albinus</span> <span class='ocrx_word' id='word_1_26' title='bbox 1019 1258 1320 1334; x_wconf 85' lang='lat' dir='ltr'>deceflit.</span> <span class='ocrx_word' id='word_1_27' title='bbox 1423 1259 1507 1333; x_wconf 88' lang='lat' dir='ltr'>In</span> <span class='ocrx_word' id='word_1_28' title='bbox 1561 1258 1805 1332; x_wconf 85' lang='lat' dir='ltr'>locum</span> <span class='ocrx_word' id='word_1_29' title='bbox 1851 1255 1999 1352; x_wconf 87' lang='lat' dir='ltr'>ejus</span> <span class='ocrx_word' id='word_1_30' title='bbox 2039 1258 2119 1330; x_wconf 91' lang='lat' dir='ltr'>P.</span> <span class='ocrx_word' id='word_1_31' title='bbox 2142 1236 2415 1354; x_wconf 89' lang='lat' dir='ltr'>Scipio-</span> 
     </span>
    </p>
   </div>
   <div class='ocr_carea' id='block_1_3' title="bbox 440 1375 2535 1480">
    <p class='ocr_par' dir='ltr' id='par_1_3' title="bbox 440 1375 2535 1480">
     <span class='ocr_line' id='line_1_6' title="bbox 440 1375 2535 1480; baseline -0.004 -23"><span class='ocrx_word' id='word_1_32' title='bbox 440 1407 638 1471; x_wconf 88' lang='lat' dir='ltr'>nem,</span> <span class='ocrx_word' id='word_1_33' title='bbox 665 1380 899 1456; x_wconf 85' lang='lat' dir='ltr'>filium</span> <span class='ocrx_word' id='word_1_34' title='bbox 927 1376 1276 1468; x_wconf 87' lang='lat' dir='ltr'>Africani,</span> <span class='ocrx_word' id='word_1_35' title='bbox 1303 1402 1604 1477; x_wconf 82' lang='lat' dir='ltr'>augures</span> <span class='ocrx_word' id='word_1_36' title='bbox 1630 1395 2072 1475; x_wconf 86' lang='lat' dir='ltr'>cooptarunt.</span> <span class='ocrx_word' id='word_1_37' title='bbox 2148 1375 2416 1450; x_wconf 88' lang='lat' dir='ltr'>Cuma·</span> <span class='ocrx_word' id='word_1_38' title='bbox 2532 1477 2535 1480; x_wconf 68' lang='lat'><strong>.</strong></span> 
     </span>
    </p>
   </div>
   <div class='ocr_carea' id='block_1_4' title="bbox 439 1493 2499 4248">
    <p class='ocr_par' dir='ltr' id='par_1_4' title="bbox 439 1493 2499 1841">
     <span class='ocr_line' id='line_1_7' title="bbox 442 1493 2419 1598; baseline -0.005 -19"><span class='ocrx_word' id='word_1_39' title='bbox 442 1503 556 1578; x_wconf 90' lang='lat' dir='ltr'>nis</span> <span class='ocrx_word' id='word_1_40' title='bbox 617 1529 704 1578; x_wconf 91' lang='lat' dir='ltr'>eo</span> <span class='ocrx_word' id='word_1_41' title='bbox 749 1526 938 1576; x_wconf 89' lang='lat' dir='ltr'>anno</span> <span class='ocrx_word' id='word_1_42' title='bbox 1013 1497 1418 1598; x_wconf 86' lang='lat' dir='ltr'>petentibus</span> <span class='ocrx_word' id='word_1_43' title='bbox 1476 1493 1910 1597; x_wconf 73' lang='lat' dir='ltr'>permissum,</span> <span class='ocrx_word' id='word_1_44' title='bbox 1987 1515 2073 1571; x_wconf 88' lang='lat' dir='ltr'>ut</span> <span class='ocrx_word' id='word_1_45' title='bbox 2127 1495 2419 1594; x_wconf 89' lang='lat' dir='ltr'>publice</span> 
     </span>
     <span class='ocr_line' id='line_1_8' title="bbox 441 1615 2499 1721; baseline -0.003 -23"><span class='ocrx_word' id='word_1_46' title='bbox 441 1621 700 1698; x_wconf 83' lang='lat' dir='ltr'>Latine</span> <span class='ocrx_word' id='word_1_47' title='bbox 719 1624 1201 1721; x_wconf 87' lang='lat' dir='ltr'>loquerentur,</span> <span class='ocrx_word' id='word_1_48' title='bbox 1231 1622 1298 1693; x_wconf 84' lang='lat'>&amp;</span> <span class='ocrx_word' id='word_1_49' title='bbox 1319 1617 1785 1717; x_wconf 84' lang='lat' dir='ltr'>praeconibus</span> <span class='ocrx_word' id='word_1_50' title='bbox 1812 1615 2071 1692; x_wconf 83' lang='lat' dir='ltr'>Latine</span> <span class='ocrx_word' id='word_1_51' title='bbox 2102 1617 2416 1692; x_wconf 87' lang='lat' dir='ltr'>venden-</span> <span class='ocrx_word' id='word_1_52' title='bbox 2492 1641 2499 1648; x_wconf 80' lang='lat'><strong>·</strong></span> 
     </span>
     <span class='ocr_line' id='line_1_9' title="bbox 439 1742 1263 1841; baseline -0.002 -22"><span class='ocrx_word' id='word_1_53' title='bbox 439 1742 516 1819; x_wconf 88' lang='lat' dir='ltr'>di</span> <span class='ocrx_word' id='word_1_54' title='bbox 539 1745 660 1841; x_wconf 87' lang='lat' dir='ltr'>jus</span> <span class='ocrx_word' id='word_1_55' title='bbox 683 1743 872 1819; x_wconf 78' lang='lat' dir='ltr'>effet.</span> <span class='ocrx_word' id='word_1_56' title='bbox 1257 1825 1263 1832; x_wconf 50' lang='grc'><strong>,</strong></span> 
     </span>
    </p>

    <p class='ocr_par' dir='ltr' id='par_1_5' title="bbox 441 1857 2422 4248">
     <span class='ocr_line' id='line_1_10' title="bbox 541 1857 2417 1961; baseline -0.003 -22"><span class='ocrx_word' id='word_1_57' title='bbox 541 1858 820 1939; x_wconf 71' lang='lat' dir='ltr'>XLIII,</span> <span class='ocrx_word' id='word_1_58' title='bbox 921 1857 1194 1939; x_wconf 85' lang='lat' dir='ltr'>Pisanis</span> <span class='ocrx_word' id='word_1_59' title='bbox 1225 1885 1474 1961; x_wconf 82' lang='lat' dir='ltr'>agrum</span> <span class='ocrx_word' id='word_1_60' title='bbox 1507 1859 2036 1960; x_wconf 87' lang='lat' dir='ltr'>pollicentibus,</span> <span class='ocrx_word' id='word_1_61' title='bbox 2088 1883 2240 1959; x_wconf 91' lang='lat' dir='ltr'>quo</span> <span class='ocrx_word' id='word_1_62' title='bbox 2272 1861 2417 1934; x_wconf 85' lang='lat' dir='ltr'>La-</span> 
     </span>
     <span class='ocr_line' id='line_1_11' title="bbox 441 1979 2412 2080; baseline -0.002 -22"><span class='ocrx_word' id='word_1_63' title='bbox 441 1984 594 2060; x_wconf 75' lang='lat' dir='ltr'>tina</span> <span class='ocrx_word' id='word_1_64' title='bbox 634 1984 916 2060; x_wconf 90' lang='lat' dir='ltr'>colonia</span> <span class='ocrx_word' id='word_1_65' title='bbox 955 1984 1452 2072; x_wconf 85' lang='lat' dir='ltr'>deduceretur,</span> <span class='ocrx_word' id='word_1_66' title='bbox 1505 1980 1762 2080; x_wconf 84' lang='lat' dir='ltr'>gratiae</span> <span class='ocrx_word' id='word_1_67' title='bbox 1796 1984 1887 2056; x_wconf 90' lang='lat' dir='ltr'>ab</span> <span class='ocrx_word' id='word_1_68' title='bbox 1923 1979 2159 2056; x_wconf 84' lang='lat' dir='ltr'>senatu</span> <span class='ocrx_word' id='word_1_69' title='bbox 2197 1981 2412 2055; x_wconf 63' lang='lat' dir='ltr'>aciae.</span> 
     </span>
     <span class='ocr_line' id='line_1_12' title="bbox 447 2099 2414 2202; baseline -0.004 -21"><span class='ocrx_word' id='word_1_70' title='bbox 447 2104 843 2181; x_wconf 84' lang='lat' dir='ltr'>Triumviri</span> <span class='ocrx_word' id='word_1_71' title='bbox 895 2102 1104 2179; x_wconf 88' lang='lat' dir='ltr'>creati</span> <span class='ocrx_word' id='word_1_72' title='bbox 1152 2105 1242 2179; x_wconf 89' lang='lat' dir='ltr'>ad</span> <span class='ocrx_word' id='word_1_73' title='bbox 1292 2127 1447 2176; x_wconf 88' lang='lat' dir='ltr'>eam</span> <span class='ocrx_word' id='word_1_74' title='bbox 1492 2127 1642 2176; x_wconf 88' lang='lat' dir='ltr'>rem</span> <span class='ocrx_word' id='word_1_75' title='bbox 1695 2105 1807 2202; x_wconf 77' lang='lat' dir='ltr'>Q</span> <span class='ocrx_word' id='word_1_76' title='bbox 1838 2099 2103 2176; x_wconf 84' lang='lat' dir='ltr'>Fabius</span> <span class='ocrx_word' id='word_1_77' title='bbox 2161 2103 2414 2191; x_wconf 89' lang='lat' dir='ltr'>Bute0,</span> 
     </span>
     <span class='ocr_line' id='line_1_13' title="bbox 447 2219 2413 2322; baseline -0.004 -21"><span class='ocrx_word' id='word_1_78' title='bbox 447 2229 564 2302; x_wconf 88' lang='lat' dir='ltr'>M.</span> <span class='ocrx_word' id='word_1_79' title='bbox 597 2231 665 2301; x_wconf 76' lang='grc' dir='ltr'>δε</span> <span class='ocrx_word' id='word_1_80' title='bbox 701 2229 784 2301; x_wconf 93' lang='grc' dir='ltr'>Ρ.</span> <span class='ocrx_word' id='word_1_81' title='bbox 812 2222 1102 2322; x_wconf 86' lang='lat' dir='ltr'>Popillii</span> <span class='ocrx_word' id='word_1_82' title='bbox 1124 2225 1492 2298; x_wconf 79' lang='lat' dir='ltr'>Laenates.</span> <span class='ocrx_word' id='word_1_83' title='bbox 1550 2222 1618 2294; x_wconf 90' lang='lat' dir='ltr'>A</span> <span class='ocrx_word' id='word_1_84' title='bbox 1649 2223 1734 2296; x_wconf 89' lang='lat' dir='ltr'>C.</span> <span class='ocrx_word' id='word_1_85' title='bbox 1772 2219 2071 2296; x_wconf 88' lang='lat' dir='ltr'>Maenio</span> <span class='ocrx_word' id='word_1_86' title='bbox 2099 2241 2413 2319; x_wconf 86' lang='lat' dir='ltr'>praetore</span> 
     </span>
     <span class='ocr_line' id='line_1_14' title="bbox 451 2339 2417 2445; baseline -0.003 -24"><span class='ocrx_word' id='word_1_87' title='bbox 451 2344 634 2445; x_wconf 87' lang='lat' dir='ltr'>(cui,</span> <span class='ocrx_word' id='word_1_88' title='bbox 683 2343 1049 2444; x_wconf 87' lang='lat' dir='ltr'>provincia</span> <span class='ocrx_word' id='word_1_89' title='bbox 1068 2341 1385 2419; x_wconf 85' lang='lat' dir='ltr'>Sardinia</span> <span class='ocrx_word' id='word_1_90' title='bbox 1417 2367 1651 2440; x_wconf 87' lang='lat' dir='ltr'>quum</span> <span class='ocrx_word' id='word_1_91' title='bbox 1696 2339 2049 2430; x_wconf 85' lang='lat' dir='ltr'>eveniffet,</span> <span class='ocrx_word' id='word_1_92' title='bbox 2084 2339 2417 2416; x_wconf 87' lang='lat' dir='ltr'>additum</span> 
     </span>
     <span class='ocr_line' id='line_1_15' title="bbox 447 2460 2415 2565; baseline -0.003 -23"><span class='ocrx_word' id='word_1_93' title='bbox 447 2485 616 2555; x_wconf 86' lang='lat' dir='ltr'>erat,</span> <span class='ocrx_word' id='word_1_94' title='bbox 667 2486 751 2540; x_wconf 92' lang='lat' dir='ltr'>ut</span> <span class='ocrx_word' id='word_1_95' title='bbox 796 2482 1158 2565; x_wconf 86' lang='lat' dir='ltr'>quaereret</span> <span class='ocrx_word' id='word_1_96' title='bbox 1202 2464 1293 2537; x_wconf 90' lang='lat' dir='ltr'>de</span> <span class='ocrx_word' id='word_1_97' title='bbox 1351 2460 1712 2537; x_wconf 87' lang='lat' dir='ltr'>veneficiis</span> <span class='ocrx_word' id='word_1_98' title='bbox 1764 2460 2049 2561; x_wconf 87' lang='lat' dir='ltr'>longius</span> <span class='ocrx_word' id='word_1_99' title='bbox 2100 2464 2193 2536; x_wconf 91' lang='lat' dir='ltr'>ab</span> <span class='ocrx_word' id='word_1_100' title='bbox 2238 2465 2415 2538; x_wconf 86' lang='lat' dir='ltr'>urbe</span> 
     </span>
     <span class='ocr_line' id='line_1_16' title="bbox 449 2579 2417 2682; baseline -0.003 -18"><span class='ocrx_word' id='word_1_101' title='bbox 449 2588 700 2664; x_wconf 87' lang='lat' dir='ltr'>decem</span> <span class='ocrx_word' id='word_1_102' title='bbox 734 2585 1053 2662; x_wconf 88' lang='lat' dir='ltr'>millibus</span> <span class='ocrx_word' id='word_1_103' title='bbox 1081 2583 1436 2682; x_wconf 81' lang='lat' dir='ltr'>paffuum)</span> <span class='ocrx_word' id='word_1_104' title='bbox 1462 2579 1699 2657; x_wconf 88' lang='lat' dir='ltr'>literae</span> <span class='ocrx_word' id='word_1_105' title='bbox 1727 2582 2024 2670; x_wconf 88' lang='lat' dir='ltr'>adlatae,</span> <span class='ocrx_word' id='word_1_106' title='bbox 2078 2591 2129 2626; x_wconf 90' lang='lat'><strong>“</strong></span> <span class='ocrx_word' id='word_1_107' title='bbox 2166 2585 2252 2658; x_wconf 90' lang='lat' dir='ltr'>Se</span> <span class='ocrx_word' id='word_1_108' title='bbox 2264 2583 2417 2679; x_wconf 88' lang='lat' dir='ltr'>jam</span> 
     </span>
     <span class='ocr_line' id='line_1_17' title="bbox 451 2700 2420 2790; baseline -0.004 -7"><span class='ocrx_word' id='word_1_109' title='bbox 451 2719 504 2753; x_wconf 91' lang='lat'><strong>“</strong></span> <span class='ocrx_word' id='word_1_110' title='bbox 541 2706 674 2783; x_wconf 87' lang='lat' dir='ltr'>tria</span> <span class='ocrx_word' id='word_1_111' title='bbox 707 2704 935 2781; x_wconf 89' lang='lat' dir='ltr'>millia</span> <span class='ocrx_word' id='word_1_112' title='bbox 971 2703 1351 2780; x_wconf 85' lang='lat' dir='ltr'>hominum</span> <span class='ocrx_word' id='word_1_113' title='bbox 1397 2702 1778 2790; x_wconf 77' lang='lat' dir='ltr'>damnasse,</span> <span class='ocrx_word' id='word_1_114' title='bbox 1838 2705 1907 2775; x_wconf 72' lang='grc' dir='ltr'>ὅτ</span> <span class='ocrx_word' id='word_1_115' title='bbox 1948 2700 2248 2778; x_wconf 87' lang='lat' dir='ltr'>crescere</span> <span class='ocrx_word' id='word_1_116' title='bbox 2291 2701 2420 2778; x_wconf 88' lang='lat' dir='ltr'>fibi</span> 
     </span>
     <span class='ocr_line' id='line_1_18' title="bbox 450 2821 2419 2925; baseline -0.003 -23"><span class='ocrx_word' id='word_1_117' title='bbox 450 2838 502 2874; x_wconf 79' lang='lat'>‘⁶</span> <span class='ocrx_word' id='word_1_118' title='bbox 540 2825 1024 2925; x_wconf 85' lang='lat' dir='ltr'>quaestionem</span> <span class='ocrx_word' id='word_1_119' title='bbox 1083 2822 1388 2900; x_wconf 76' lang='lat' dir='ltr'>indiciis·</span> <span class='ocrx_word' id='word_1_120' title='bbox 1487 2822 1641 2897; x_wconf 88' lang='lat' dir='ltr'>Aut</span> <span class='ocrx_word' id='word_1_121' title='bbox 1685 2847 1843 2897; x_wconf 86' lang='lat' dir='ltr'>eam</span> <span class='ocrx_word' id='word_1_122' title='bbox 1888 2821 2013 2897; x_wconf 88' lang='lat' dir='ltr'>fibi</span> <span class='ocrx_word' id='word_1_123' title='bbox 2060 2824 2192 2899; x_wconf 82' lang='lat' dir='ltr'>effe</span> <span class='ocrx_word' id='word_1_124' title='bbox 2226 2823 2419 2898; x_wconf 88' lang='lat' dir='ltr'>dese-</span> 
     </span>
     <span class='ocr_line' id='line_1_19' title="bbox 451 2939 2418 3045; baseline -0.004 -21"><span class='ocrx_word' id='word_1_125' title='bbox 451 2959 503 2994; x_wconf 93' lang='lat'><strong>“</strong></span> <span class='ocrx_word' id='word_1_126' title='bbox 537 2947 859 3036; x_wconf 86' lang='lat' dir='ltr'>rendam,</span> <span class='ocrx_word' id='word_1_127' title='bbox 893 2964 1018 3020; x_wconf 89' lang='lat' dir='ltr'>aut</span> <span class='ocrx_word' id='word_1_128' title='bbox 1041 2942 1482 3045; x_wconf 83' lang='lat' dir='ltr'>provinciam</span> <span class='ocrx_word' id='word_1_129' title='bbox 1503 2939 2075 3017; x_wconf 83' lang='lat' dir='ltr'>dimittendam.”</span> <span class='ocrx_word' id='word_1_130' title='bbox 2121 2945 2418 3045; x_wconf 78' lang='lat' dir='ltr'>QFul·</span> 
     </span>
     <span class='ocr_line' id='line_1_20' title="bbox 449 3060 2419 3164; baseline -0.003 -20"><span class='ocrx_word' id='word_1_131' title='bbox 449 3069 611 3144; x_wconf 84' lang='lat' dir='ltr'>vius</span> <span class='ocrx_word' id='word_1_132' title='bbox 641 3069 938 3142; x_wconf 82' lang='lat' dir='ltr'>Flaccus</span> <span class='ocrx_word' id='word_1_133' title='bbox 957 3091 1047 3140; x_wconf 80' lang='lat' dir='ltr'>ex</span> <span class='ocrx_word' id='word_1_134' title='bbox 1065 3061 1418 3163; x_wconf 86' lang='lat' dir='ltr'>Hispania</span> <span class='ocrx_word' id='word_1_135' title='bbox 1449 3060 1658 3138; x_wconf 86' lang='lat' dir='ltr'>rediit</span> <span class='ocrx_word' id='word_1_136' title='bbox 1680 3065 1994 3136; x_wconf 86' lang='lat' dir='ltr'>Romam</span> <span class='ocrx_word' id='word_1_137' title='bbox 2028 3087 2199 3138; x_wconf 88' lang='lat' dir='ltr'>cum</span> <span class='ocrx_word' id='word_1_138' title='bbox 2221 3090 2419 3164; x_wconf 88' lang='lat' dir='ltr'>mag·</span> 
     </span>
     <span class='ocr_line' id='line_1_21' title="bbox 449 3171 2417 3286; baseline -0.004 -20"><span class='ocrx_word' id='word_1_139' title='bbox 449 3209 544 3266; x_wconf 84' lang='lat' dir='ltr'>na</span> <span class='ocrx_word' id='word_1_140' title='bbox 576 3189 764 3264; x_wconf 86' lang='lat' dir='ltr'>fama</span> <span class='ocrx_word' id='word_1_141' title='bbox 796 3185 1146 3286; x_wconf 86' lang='lat' dir='ltr'>gestarum</span> <span class='ocrx_word' id='word_1_142' title='bbox 1173 3204 1438 3271; x_wconf 86' lang='lat' dir='ltr'>rerum,</span> <span class='ocrx_word' id='word_1_143' title='bbox 1469 3181 1629 3282; x_wconf 88' lang='lat' dir='ltr'>qui,</span> <span class='ocrx_word' id='word_1_144' title='bbox 1666 3171 1901 3281; x_wconf 86' lang='lat' dir='ltr'>quum</span> <span class='ocrx_word' id='word_1_145' title='bbox 1934 3201 2133 3257; x_wconf 82' lang='lat' dir='ltr'>extra</span> <span class='ocrx_word' id='word_1_146' title='bbox 2162 3187 2417 3260; x_wconf 85' lang='lat' dir='ltr'>urbem</span> 
     </span>
     <span class='ocr_line' id='line_1_22' title="bbox 451 3301 2417 3407; baseline -0.003 -23"><span class='ocrx_word' id='word_1_147' title='bbox 451 3308 802 3407; x_wconf 84' lang='lat' dir='ltr'>triumphi</span> <span class='ocrx_word' id='word_1_148' title='bbox 855 3306 1084 3382; x_wconf 83' lang='lat' dir='ltr'>cauffa</span> <span class='ocrx_word' id='word_1_149' title='bbox 1132 3305 1322 3390; x_wconf 84' lang='lat' dir='ltr'>effet,</span> <span class='ocrx_word' id='word_1_150' title='bbox 1372 3301 1619 3378; x_wconf 89' lang='lat' dir='ltr'>consul</span> <span class='ocrx_word' id='word_1_151' title='bbox 1672 3301 1771 3376; x_wconf 90' lang='lat' dir='ltr'>est</span> <span class='ocrx_word' id='word_1_152' title='bbox 1814 3323 2084 3377; x_wconf 83' lang='lat' dir='ltr'>creatus</span> <span class='ocrx_word' id='word_1_153' title='bbox 2115 3325 2287 3378; x_wconf 84' lang='lat' dir='ltr'>cum</span> <span class='ocrx_word' id='word_1_154' title='bbox 2322 3307 2417 3379; x_wconf 87' lang='lat' dir='ltr'>L.</span> 
     </span>
     <span class='ocr_line' id='line_1_23' title="bbox 458 3421 2419 3523; baseline -0.002 -20"><span class='ocrx_word' id='word_1_155' title='bbox 458 3426 746 3504; x_wconf 91' lang='lat' dir='ltr'>Manlio</span> <span class='ocrx_word' id='word_1_156' title='bbox 793 3423 1148 3512; x_wconf 69' lang='lat' dir='ltr'>Acidino,</span> <span class='ocrx_word' id='word_1_157' title='bbox 1201 3427 1270 3498; x_wconf 77' lang='grc' dir='ltr'>δε</span> <span class='ocrx_word' id='word_1_158' title='bbox 1301 3421 1459 3523; x_wconf 91' lang='lat' dir='ltr'>post</span> <span class='ocrx_word' id='word_1_159' title='bbox 1490 3447 1757 3521; x_wconf 87' lang='lat' dir='ltr'>paucos</span> <span class='ocrx_word' id='word_1_160' title='bbox 1789 3421 1941 3496; x_wconf 87' lang='lat' dir='ltr'>dies</span> <span class='ocrx_word' id='word_1_161' title='bbox 1971 3446 2143 3498; x_wconf 89' lang='lat' dir='ltr'>cum</span> <span class='ocrx_word' id='word_1_162' title='bbox 2173 3423 2419 3500; x_wconf 87' lang='lat' dir='ltr'>militi-</span> 
     </span>
     <span class='ocr_line' id='line_1_24' title="bbox 454 3543 2419 3648; baseline -0.002 -23"><span class='ocrx_word' id='word_1_163' title='bbox 454 3552 619 3635; x_wconf 88' lang='lat' dir='ltr'>bus,</span> <span class='ocrx_word' id='word_1_164' title='bbox 668 3572 850 3648; x_wconf 91' lang='lat' dir='ltr'>quos</span> <span class='ocrx_word' id='word_1_165' title='bbox 902 3543 1142 3621; x_wconf 88' lang='lat' dir='ltr'>secum</span> <span class='ocrx_word' id='word_1_166' title='bbox 1197 3543 1616 3632; x_wconf 83' lang='lat' dir='ltr'>deduxerat,</span> <span class='ocrx_word' id='word_1_167' title='bbox 1666 3543 2109 3642; x_wconf 85' lang='lat' dir='ltr'>triumphans</span> <span class='ocrx_word' id='word_1_168' title='bbox 2164 3548 2419 3621; x_wconf 88' lang='lat' dir='ltr'>urbem</span> 
     </span>
     <span class='ocr_line' id='line_1_25' title="bbox 456 3662 2421 3762; baseline -0.001 -19"><span class='ocrx_word' id='word_1_169' title='bbox 456 3669 556 3744; x_wconf 87' lang='lat' dir='ltr'>est</span> <span class='ocrx_word' id='word_1_170' title='bbox 604 3667 948 3742; x_wconf 71' lang='lat' dir='ltr'>invectus,</span> <span class='ocrx_word' id='word_1_171' title='bbox 1007 3663 1257 3739; x_wconf 86' lang='lat' dir='ltr'>·Tulit</span> <span class='ocrx_word' id='word_1_172' title='bbox 1309 3662 1382 3738; x_wconf 89' lang='lat' dir='ltr'>in</span> <span class='ocrx_word' id='word_1_173' title='bbox 1421 3662 1787 3762; x_wconf 88' lang='lat' dir='ltr'>triumpho</span> <span class='ocrx_word' id='word_1_174' title='bbox 1839 3689 2127 3740; x_wconf 84' lang='lat' dir='ltr'>coronas</span> <span class='ocrx_word' id='word_1_175' title='bbox 2183 3690 2421 3742; x_wconf 88' lang='lat' dir='ltr'>aureas</span> 
     </span>
     <span class='ocr_line' id='line_1_26' title="bbox 455 3782 2422 3885; baseline -0.002 -21"><span class='ocrx_word' id='word_1_176' title='bbox 455 3808 748 3864; x_wconf 86' lang='lat' dir='ltr'>centurn</span> <span class='ocrx_word' id='word_1_177' title='bbox 780 3782 1037 3885; x_wconf 87' lang='lat' dir='ltr'>viginti</span> <span class='ocrx_word' id='word_1_178' title='bbox 1072 3804 1414 3883; x_wconf 70' lang='lat' dir='ltr'>quatuort</span> <span class='ocrx_word' id='word_1_179' title='bbox 1466 3803 1814 3881; x_wconf 84' lang='lat' dir='ltr'>praeterea</span> <span class='ocrx_word' id='word_1_180' title='bbox 1844 3783 1993 3858; x_wconf 89' lang='lat' dir='ltr'>auri</span> <span class='ocrx_word' id='word_1_181' title='bbox 2020 3786 2266 3883; x_wconf 89' lang='lat' dir='ltr'>pondo</span> <span class='ocrx_word' id='word_1_182' title='bbox 2300 3787 2422 3862; x_wconf 90' lang='lat' dir='ltr'>tri-</span> 
     </span>
     <span class='ocr_line' id='line_1_27' title="bbox 456 3901 2422 4008; baseline -0.001 -26"><span class='ocrx_word' id='word_1_183' title='bbox 456 3908 657 4008; x_wconf 86' lang='lat' dir='ltr'>ginta</span> <span class='ocrx_word' id='word_1_184' title='bbox 685 3931 916 3984; x_wconf 87' lang='lat' dir='ltr'>unum</span> <span class='ocrx_word' id='word_1_185' title='bbox 930 3938 955 3994; x_wconf 81' lang='lat'>3</span> <span class='ocrx_word' id='word_1_186' title='bbox 1002 3908 1072 3980; x_wconf 74' lang='grc' dir='ltr'>δι</span> <span class='ocrx_word' id='word_1_187' title='bbox 1105 3902 1348 4003; x_wconf 87' lang='lat' dir='ltr'>fignati</span> <span class='ocrx_word' id='word_1_188' title='bbox 1383 3901 1693 3979; x_wconf 85' lang='lat' dir='ltr'>Oscenfis</span> <span class='ocrx_word' id='word_1_189' title='bbox 1720 3908 2105 3978; x_wconf 73' lang='lat' dir='ltr'>nummum</span> <span class='ocrx_word' id='word_1_190' title='bbox 2130 3926 2422 3981; x_wconf 87' lang='lat' dir='ltr'>centurn</span> 
     </span>
     <span class='ocr_line' id='line_1_28' title="bbox 454 4021 2419 4128; baseline -0.001 -25"><span class='ocrx_word' id='word_1_191' title='bbox 454 4025 893 4128; x_wconf 88' lang='lat' dir='ltr'>septuaginta</span> <span class='ocrx_word' id='word_1_192' title='bbox 947 4023 1077 4099; x_wconf 87' lang='lat' dir='ltr'>tria</span> <span class='ocrx_word' id='word_1_193' title='bbox 1135 4021 1360 4098; x_wconf 84' lang='lat' dir='ltr'>millia</span> <span class='ocrx_word' id='word_1_194' title='bbox 1413 4025 1785 4100; x_wconf 86' lang='lat' dir='ltr'>ducentos.</span> <span class='ocrx_word' id='word_1_195' title='bbox 1896 4021 2261 4100; x_wconf 88' lang='lat' dir='ltr'>Militibus</span> <span class='ocrx_word' id='word_1_196' title='bbox 2326 4029 2419 4102; x_wconf 91' lang='lat' dir='ltr'>de</span> 
     </span>
     <span class='ocr_line' id='line_1_29' title="bbox 455 4142 2417 4248; baseline -0.001 -26"><span class='ocrx_word' id='word_1_197' title='bbox 455 4146 716 4248; x_wconf 86' lang='lat' dir='ltr'>praeda</span> <span class='ocrx_word' id='word_1_198' title='bbox 746 4143 1290 4245; x_wconf 84' lang='lat' dir='ltr'>quinquagenos</span> <span class='ocrx_word' id='word_1_199' title='bbox 1324 4143 1647 4220; x_wconf 87' lang='lat' dir='ltr'>denarios</span> <span class='ocrx_word' id='word_1_200' title='bbox 1680 4142 1907 4232; x_wconf 88' lang='lat' dir='ltr'>dedit,</span> <span class='ocrx_word' id='word_1_201' title='bbox 1958 4143 2227 4242; x_wconf 83' lang='lat' dir='ltr'>duplex</span> <span class='ocrx_word' id='word_1_202' title='bbox 2255 4172 2417 4221; x_wconf 85' lang='lat' dir='ltr'>cen-</span> 
     </span>
    </p>
   </div>
  </div>
 </body>
</html>
