3100 5359
948 718 1451 801 L-rnnss‘
1514 718 1685 793 XL.
2175 724 2313 819 381

334 895 538 974 ditur
579 892 989 972 Demetrius
1030 917 1203 969 cum
1242 890 1744 981 infestioribus,
1795 916 2016 990 quam
2051 895 2098 969 fi
2129 893 2318 971 solus

336 1016 499 1103 iret,
550 1012 923 1112 praesidiis,

442 1137 687 1211 XXII.
788 1130 1188 1231 Philippus,
1225 1130 1641 1208 Maedicam
1675 1130 2019 1231 primum,
2055 1133 2322 1211 deinde

334 1253 755 1331 solitudines
809 1253 1291 1349 interjacentes
1345 1251 1724 1327 Maedicae
1767 1274 1984 1352 atque
2027 1256 2321 1333 Haemo

335 1374 813 1474 transgreffus,
882 1371 1195 1471 septimis
1252 1372 1552 1447 demum
1610 1371 1845 1447 castris
1895 1376 1991 1449 ad
2049 1374 2322 1451 radices

336 1493 607 1569 montis
638 1492 983 1597 pervenit.
1028 1480 1031 1485 ’
1082 1490 1196 1568 Ibi
1228 1518 1461 1567 unum
1494 1512 1809 1569 moratus
1836 1493 2032 1569 diem
2065 1496 2160 1570 ad
2193 1496 2322 1571 de-

336 1614 695 1713 ligendos,
744 1636 929 1711 quos
968 1614 1260 1689 duceret
1314 1610 1584 1701 secum,
1638 1612 1844 1689 tertio
1891 1613 2012 1689 die
2052 1613 2184 1689 iter
2222 1615 2327 1693 est

336 1736 707 1835 ingressus.
804 1732 1154 1809 Modicus
1205 1732 1441 1831 primo
1482 1734 1682 1807 labor
1710 1732 1786 1809 in
1817 1731 1982 1807 imis
2017 1734 2329 1812 collibus

340 1853 509 1935 fuit.
636 1857 1017 1954 Qantum
1081 1852 1158 1927 in
1224 1851 1682 1928 altitudinem
1745 1850 2323 1952 egrediebantur,

340 1974 573 2074 magis
591 1972 957 2075 magisque
982 1970 1305 2049 filvestria
1330 1972 1405 2045 &
1435 1974 1770 2072 pleraque
1802 1972 1993 2048 invia
2012 1974 2170 2051 loca
2197 2000 2328 2051 ex·
2435 1963 2438 1967 ⁴

346 2094 731 2194 cipiebant.
831 2097 1217 2168 Pei-venere
1250 2091 1513 2167 deinde
1550 2090 1624 2167 in
1651 2112 1798 2167 tam
1821 2116 2132 2192 opacum
2165 2094 2326 2184 iter,

344 2235 456 2305 ut,
508 2240 671 2313 prae
706 2216 1037 2289 denfitate
1058 2216 1391 2287 arborum
1414 2211 2002 2311 inmissorumque
2021 2212 2328 2290 aliorum

346 2336 428 2411 in
470 2334 642 2411 alios
684 2360 1069 2423 ramorum,
1120 2331 1421 2432 perspici
1450 2333 1736 2407 coelum
1769 2331 1895 2408 vix
1924 2336 2194 2430 posset,
2243 2354 2328 2412 ut

346 2480 521 2531 vero
560 2454 757 2555 jugis
809 2452 1501 2551 adpropinquabant,
1554 2453 1756 2550 quod
1797 2476 2036 2530 rarum
2067 2454 2144 2529 in
2175 2455 2329 2532 aliis

350 2576 530 2653 locis
590 2578 786 2663 efl‘et,
836 2574 1017 2649 adeo
1048 2572 1294 2649 omnia
1326 2573 1650 2648 contecta
1680 2574 1968 2663 nebula,
2019 2596 2102 2651 ut
2134 2578 2333 2652 haud

350 2696 552 2775 secus
596 2721 818 2794 quam
861 2697 1214 2771 nocturno
1258 2690 1507 2768 itinere
1540 2691 2050 2791 inpedirentur.
2149 2700 2330 2773 Ter-

352 2816 460 2892 tio
519 2816 821 2912 demum
880 2814 997 2890 die
1054 2815 1149 2889 ad
1192 2813 1533 2889 verticem
1575 2834 2024 2913 perventum.
2120 2816 2334 2891 Nihil

351 2938 681 3035 vulgatae
712 2933 1067 3035 opinioni,
1097 2934 1387 3032 degreffi
1422 2933 1618 3023 inde,
1653 2934 2146 3011 detraxerunt=
2183 2962 2330 3013 ma-

356 3057 497 3157 gis,
539 3056 781 3143 cred0,
816 3082 907 3129 ne
932 3054 1201 3131 vanitas
1234 3052 1501 3129 itineris
1534 3053 1851 3131 ludibrio
1883 3054 2076 3146 effer,
2110 3069 2331 3155 quam

357 3178 565 3277 quod
588 3173 859 3253 diversa
890 3174 1071 3251 inter
1102 3174 1169 3249 se
1202 3173 1446 3262 maria,
1480 3174 1927 3275 montesque,
1961 3180 2030 3251 ὅτ
2063 3200 2333 3265 amnes,

356 3324 453 3375 ex
500 3324 657 3373 uno
700 3298 867 3373 loco
912 3293 1227 3394 conspici
1267 3295 1654 3394 potuerint.
1754 3296 2013 3372 vexati
2053 3322 2331 3387 omnes,

358 3425 431 3496 ὅτ,
465 3438 627 3495 ante
660 3416 831 3493 alios
854 3444 979 3493 rex
1010 3414 1183 3515 ipse,
1216 3441 1367 3515 quo
1397 3417 1674 3517 gravior
1691 3437 1912 3493 aetate
1941 3436 2112 3505 erat,
2146 3416 2333 3493 diffi-

360 3540 627 3615 cultate
672 3538 833 3615 ‘viae
884 3538 1007 3613 est.
1109 3540 1415 3613 Duabus
1446 3538 1580 3613 aris
1613 3538 1718 3614 ibi
1749 3538 1915 3633 Jovi
1951 3544 2021 3614 ὅτ
2057 3536 2204 3614 Soli
2237 3538 2336 3614 sa-

362 3659 570 3736 cratis
623 3660 860 3759 ‘quum
910 3657 1334 3745 inmolafl‘et,
1384 3682 1529 3757 qua
1563 3657 1806 3734 triduo
1857 3656 2338 3749 adscenderat,

362 3780 599 3858 biduo
618 3779 721 3855 est
744 3779 1125 3878 degressus,
1174 3776 1433 3877 frigora
1466 3780 1814 3855 nocturna
1842 3777 2154 3855 maxime
2187 3804 2338 3855 me·

365 3922 603 3990 menz,
674 3924 859 3997 quae
926 3896 1291 3973 caniculae
1356 3918 1515 3973 ortu
1583 3898 1829 3973 fimilia
1895 3898 2339 3975 brumalibus

362 4040 586 4097 erant.
654 4018 919 4096 Multis
944 4044 1069 4119 per
1094 4044 1215 4094 eos
1237 4017 1387 4094 dies
1412 4016 1952 4094 difficultatibus
1977 4016 2338 4093 conflieta·

358 4162 511 4233 tus,
564 4137 793 4218 nihilo
844 4139 1132 4217 laetiora
1156 4138 1236 4214 in
1268 4136 1503 4215 castris
1533 4136 1850 4213 invenit:
1903 4138 2033 4215 ubi
2065 4136 2344 4213 summa
