3100 5359
792 669 890 770 '3'2
1464 670 2091 746 T.1..1v11

792 859 1097 938 altitudo
1154 859 1319 936 valli
1381 883 1551 952 erat,
1609 881 1697 938 ut
1755 861 1831 936 δι
1883 863 2128 938 locum
2181 861 2608 962 superiorem
2665 859 2760 942 ad

789 982 1261 1083 pugnandum
1296 981 1433 1058 suis
1466 983 1854 1082 praeberet,
1907 983 1981 1056 δε
2033 1002 2317 1082 propter
2364 973 2759 1085 longitudi-

790 1129 959 1177 nem
992 1102 1341 1178 hastarum
1368 1101 1763 1200 subjeetum
1785 1105 2072 1178 haberet
2102 1102 2398 1179 hostem.
2495 1103 2760 1194 Multi,

791 1239 1053 1297 temere
1104 1221 1483 1298 subeuntes
1534 1223 1829 1312 vallum,
1887 1224 2200 1299 transfixi
2251 1223 2444 1300 sunt:
2509 1225 2582 1296 &
2631 1242 2762 1300 aut

792 1339 1077 1440 incepto
1135 1341 1331 1417 irrito
1379 1345 1814 1434 recessissent,
1867 1366 1991 1419 aut
2037 1345 2273 1444 plures
2321 1343 2758 1432 cecidiss'ent,

790 1461 867 1535 ni
904 1462 1019 1536 M.
1054 1462 1352 1538 Porcius
1412 1465 1504 1538 ab
1540 1464 1724 1562 jugo
1757 1461 2206 1552 Callidromi,
2269 1461 2556 1560 dejectis
2587 1463 2762 1539 inde

792 1580 1097 1670 Aetolis,
1152 1585 1219 1658 ὅτ
1254 1607 1515 1684 magna
1545 1608 1637 1657 ex
1668 1603 1858 1681 parte
1893 1586 2122 1670 caefis,
2178 1581 2530 1682 (incautos
2559 1581 2758 1658 enim

790 1705 859 1777 δι
894 1701 1259 1801 plerosque
1286 1701 1545 1800 sopitos
1570 1703 2018 1800 obprefl'erat)
2049 1701 2255 1802 super
2285 1701 2757 1780 inminentem

788 1821 1023 1896 castris
1057 1823 1314 1898 collem
1346 1821 1785 1922 adparuiffet.

888 1942 1101 2016 XIX..
1206 1943 1465 2018 Flacco
1493 1967 1640 2016 non
1665 1943 1908 2017 eadem
1933 1941 2216 2017 fortuna
2245 1943 2338 2016 ad
2361 1942 2762 2018 Tichiunta

788 2061 865 2136 &
896 2061 1429 2152 Rhoduntiam,
1458 2060 1948 2160 nequidquam
1981 2060 2214 2137 subire
2245 2063 2338 2136 ad
2371 2088 2452 2136 ea
2483 2062 2760 2138 castella

786 2203 1069 2271 conato,
1104 2181 1353 2257 fuerat.
1454 2183 1922 2270 Macedones»,
1958 2181 2231 2282 quique
2263 2181 2382 2256 alii
2415 2181 2492 2255 in
2519 2181 2761 2258 castris

788 2303 1001 2402 regiis
1033 2321 1254 2391 erant,
1288 2300 1547 2404 primo,
1581 2302 1759 2378 dum
1791 2303 2042 2401 procul
2074 2301 2255 2378 nihil
2282 2301 2500 2390 aliud,
2535 2327 2758 2401 quam

784 2425 994 2498 turba
1027 2427 1094 2498 ἃ
1128 2447 1413 2522 agmen,
1466 2423 1869 2519 adparebat,
1924 2425 2218 2498 Aetolos
2250 2423 2557 2511 credere,
2609 2421 2758 2497 viia

783 2543 1036 2642 procul
1067 2567 1337 2641 pugna,
1382 2539 1689 2617 subsidio
1719 2540 1981 2619 venire.
2080 2543 2446 2631 Ceterum,
2497 2562 2580 2616 ut
2610 2541 2754 2641 pri-

786 2686 988 2736 mum
1021 2663 1350 2760 fignaque
1383 2661 1459 2734 &
1492 2688 1682 2736 arma
1705 2684 1795 2734 ex
1821 2661 2226 2761 propinquo
2256 2660 2544 2761 cognita
2565 2688 2753 2737 erro·

786 2805 936 2856 rem
962 2799 1414 2878 aperuerunt,
1448 2803 1681 2856 tantus
1707 2802 1990 2878 repente
2023 2807 2240 2880 pavor
2263 2807 2509 2855 omnes
2535 2780 2754 2880 cepit,

784 2918 895 2988 ut,
948 2897 1233 2996 abjectis
1283 2899 1519 2989 armis,
1575 2897 1923 2998 fugerent.
2023 2903 2122 2976 Et
2156 2900 2604 2976 munimenta
2651 2898 2754 2976 se·-

784 3040 1084 3118 quentes
1118 3017 1598 3117 inpedierunt,
1634 3022 1700 3092 &
1737 3018 2093 3118 angustiae
2119 3019 2344 3108 valliS,
2379 3044 2508 3116 per
2532 3045 2754 3120 quam

784 3137 1127 3239 sequendi
1176 3159 1415 3226 erant3
1474 3141 1541 3214 ὅτ
1597 3138 1907 3213 maxime
1954 3138 2312 3228 omnium,
2361 3141 2562 3238 quod
2611 3140 2752 3214 ele-

787 3259 1035 3360 phanti
1070 3257 1419 3336 noviffimi
1452 3257 1756 3356 agminis
1797 3279 2015 3346 crant,
2083 3284 2264 3357 quos
2295 3260 2513 3357 pedes
2545 3283 2752 3360 aegre

784 3381 1180 3481 praeterire,
1238 3403 1456 3476 eques
1490 3379 1692 3452 nullo
1723 3399 1993 3477 poterat
2025 3380 2272 3468 modo,
2332 3377 2754 3454 timentibus

781 3498 1011 3600 equis,
1071 3499 1612 3596 tumultumque
1661 3497 1844 3573 inter
1891 3497 1958 3572 se
1998 3499 2358 3596 majorem,
2419 3523 2638 3598 quam
2673 3497 2751 3574 in

784 3619 1081 3720 proelio,
1134 3617 1535 3693 edentibus.
1639 3618 2117 3717 Aliquantum
2167 3618 2501 3719 temporis
2529 3617 2605 3692 δι
2639 3617 2749 3692 di·

786 3738 1015 3836 reptio
1048 3738 1428 3814 castrorum
1462 3738 1716 3813 tenuit.
1815 3738 2218 3837 Scarphiam
2245 3760 2480 3814 tamen
2510 3765 2598 3814 eo
2629 3737 2750 3813 die

786 3857 1131 3960 persecuti
1159 3855 1320 3934 sunt
1342 3857 1638 3932 hostem.
1741 3858 2002 3933 Multis
2038 3856 2114 3932 in
2139 3858 2289 3958 ipso
2321 3857 2569 3936 itinere
2595 3885 2751 3935 cae-

788 3981 872 4054 fis
902 3976 1288 4077 captisque,
1324 4003 1469 4052 non
1496 3976 1698 4074 equis
1723 3975 2029 4078 virisque
2053 3999 2357 4068 tantum,
2391 3977 2511 4054 sed
2535 3977 2752 4055 etiam

786 4098 1199 4197 elephantis,
1234 4123 1414 4200 quos
1446 4122 1694 4199 capere
1729 4124 1877 4174 non
1907 4118 2308 4199 potuerant,
2339 4097 2750 4189 interfectis,
