3100 5359
764 680 895 757 152
1406 656 2058 730 T.L1v11

753 840 805 874 “
842 848 996 903 rent
1047 828 1453 903 auctoritate
1506 827 1696 905 sua.''
1795 832 1892 905 Et
1941 828 2211 904 senatus
2254 854 2412 903 eam
2455 853 2712 926 pacem

754 948 1161 1023 servandam
1219 947 1519 1035 censuit,
1571 948 1646 1021 δε
1707 974 1970 1047 paucos
2015 949 2170 1048 post
2203 948 2354 1022 dies
2405 950 2719 1047 populus

739 1067 955 1163 juffit.
1056 1067 1339 1141 Foedus
1374 1066 1449 1141 in
1482 1066 1840 1164 Capitolio
1883 1093 2053 1143 cum
2089 1067 2466 1166 Antipatro
2517 1068 2718 1167 prin-

755 1186 914 1283 cipe
942 1186 1334 1285 legationis,
1358 1191 1421 1259 &
1454 1189 1708 1261 eodem
1729 1185 1948 1261 fratris
1969 1185 2121 1260 filio
2143 1186 2321 1285 regis
2336 1186 2715 1275 Antiochi,

758 1306 857 1379 est
892 1304 1140 1379 ictum.
1243 1305 1555 1381 Auditae
1589 1306 1851 1381 deinde
1885 1311 1954 1381 δε
1999 1306 2174 1381 aliae
2206 1306 2588 1407 legationes
2621 1332 2722 1382 ex

758 1428 922 1500 Afia
973 1423 1153 1500 sunt.
1251 1424 1539 1526 Qibus
1593 1425 1930 1501 omnibus
1982 1427 2232 1501 datum
2283 1427 2384 1501 est
2433 1426 2719 1525 respon-

757 1541 938 1632 sum,
1000 1555 1052 1589 ‘⁸
1091 1548 1364 1619 Decem
1414 1547 1678 1643 legatos
1741 1570 1936 1619 more
1988 1545 2334 1642 majorum
2395 1544 2720 1620 senatum

759 1672 809 1706 “
848 1661 1220 1739 miffurum
1254 1666 1345 1737 ad
1380 1689 1483 1738 res
1513 1664 1715 1739 Aliae
1756 1663 2238 1763 disceptandas
2273 1691 2712 1763 componen-

759 1790 812 1825 “
849 1780 1132 1879 dasque.
1230 1786 1604 1858 Summam
1661 1805 1896 1858 tamen
1961 1786 2143 1859 hanc
2207 1782 2394 1859 fore:
2442 1798 2557 1860 'ut
2611 1784 2720 1861 cis

757 1909 812 1944 “
848 1903 1174 1975 Taurum
1242 1924 1590 1991 montem,
1648 1928 1830 2001 quae
1885 1902 2066 1977 intra
2111 1904 2310 2003 regni
2365 1904 2717 1980 Antiochi

762 2028 812 2063 “
849 2021 1023 2094 fines
1077 2019 1383 2109 fuiffent,
1446 2021 1760 2096 Eumeni
1805 2022 2391 2112 adtribuerentur,
2451 2044 2722 2122 praeter

762 2148 813 2183 “
852 2140 1158 2238 Lyciam
1202 2141 1628 2237 Cariamque
1661 2140 1884 2238 usque
1915 2144 2008 2216 ad
2043 2145 2520 2217 Maeandrum
2565 2169 2720 2217 am-

764 2266 818 2303 “
854 2285 1045 2333 nem.
1116 2262 1222 2334 Ea
1254 2258 1556 2335 civitatis
1587 2260 2048 2337 Rhodiorum
2081 2265 2322 2336 effent.
2420 2265 2718 2337 Ceterae

760 2388 815 2423 “
848 2377 1161 2453 civitates
1186 2381 1410 2466 Asiae,
1424 2405 1618 2477 ,quae
1653 2380 1874 2455 Attali
1903 2380 2386 2479 stipendiariae
2406 2379 2720 2470 fuissent,

700 2588 703 2591 q
761 2506 813 2541 “
850 2498 1139 2572 eaedem
1177 2498 1489 2571 Eumeni
1524 2499 1822 2598 vectigal
1855 2502 2275 2596 penderent:
2327 2527 2509 2600 quae
2555 2527 2720 2576 vec-

762 2624 816 2663 “
848 2617 1092 2716 tigales
1140 2614 1483 2691 Antiochi
1543 2617 1850 2706 fuifl‘ent,
1913 2644 2032 2694 eae
2071 2620 2326 2697 liberae
2365 2642 2576 2719 atque
2605 2620 2721 2695 in-

761 2749 813 2782 “
844 2762 1094 2812 munes
1127 2737 1407 2810 effent.''
1476 2740 1750 2812 Decem
1779 2740 2041 2837 legatos
2071 2742 2199 2815 hos
2225 2742 2720 2829 decreverunt,

734 2854 1313 2955 .QMinucium
1348 2856 1653 2945 Rufum,
1689 2862 1783 2931 L.
1817 2857 2121 2933 Furium
2153 2862 2720 2958 Purpureonem,

760 2980 875 3077 Q
910 2974 1331 3071 Minucium
1380 2978 1809 3064 Thermum,
1865 2982 2006 3076 Ap.
2050 2978 2436 3054 Claudium
2488 2982 2724 3053 Nero-

762 3120 957 3183 nem,
993 3097 1129 3169 Cn.
1164 3093 1580 3170 Cornelium
1636 3098 2027 3186 Merulam,
2064 3100 2180 3172 M.
2207 3099 2514 3194 Junium
2543 3101 2724 3173 Bru-

763 3236 947 3301 tum,
982 3215 1077 3288 L.
1118 3216 1716 3310 Aurunculejum‚
1765 3218 1860 3291 L.
1923 3217 2320 3292 Aemilium
2358 3220 2724 3308 Paullum,

761 3336 844 3408 P.
878 3332 1291 3408 Cornelium
1326 3335 1750 3423 Lentulum,
1785 3340 1868 3412 P.
1905 3336 2196 3412 Aelium
2231 3340 2720 3415 Tuberonem.

860 3456 1063 3527 LVI.
1143 3452 1313 3540 His,
1342 3479 1523 3550 quae
1544 3454 1916 3550 praesentis
1937 3454 2455 3555 disceptationis
2475 3460 2721 3547 effent,

763 3570 980 3646 libera
1030 3573 1380 3645 mandata.
1481 3576 1595 3648 De
1631 3572 1904 3648 summa
1955 3602 2188 3651 rerum
2222 3576 2496 3652 senatus
2547 3603 2723 3651 con-

761 3689 1019 3767 stituit:
1057 3702 1109 3734 “
1142 3690 1585 3789 Lycaoniam
1605 3718 1924 3781 omnem,
1961 3700 2026 3768 &
2051 3695 2432 3794 Phrygiam
2456 3717 2720 3770 utram-

761 3819 815 3855 “
850 3836 1019 3910 que,
1071 3810 1145 3882 ὅτ
1175 3812 1506 3907 Myfiam,
1542 3812 1765 3910 regias
1797 3815 2014 3902 filvas,
2050 3819 2115 3887 &
2153 3814 2430 3914 Lydiae
2451 3815 2725 3891 Ioniae-

761 3940 814 3973 “
849 3954 1020 4027 que,
1080 3950 1276 4004 extra
1308 3956 1389 4003 ea
1432 3929 1722 4030 oppida,
1757 3956 1940 4030 quae
1973 3932 2192 4009 libera
2223 3934 2532 4025 fuiffent,
2566 3960 2722 4035 quo

762 4060 814 4096 “
850 4049 967 4126 die
994 4075 1165 4127 cum
1200 4074 1359 4149 rege
1387 4050 1757 4128 Antiocho
1776 4074 2178 4152 pugnatum
2207 4054 2332 4145 est,
2388 4060 2457 4131 &
2485 4054 2722 4131 nomi·
