3100 5359
852 693 927 766 L
976 716 1005 767 1
1064 718 1103 767 Β
1160 716 1205 767 Ε
1260 714 1307 765 R
1408 688 1797 767 XXXVII.
2171 713 2301 786 143

356 894 405 931 ‘⁶
436 883 787 973 noscere‚''
830 885 1038 959 dixit.
1158 887 1362 959 Haec
1415 882 1962 982 adprobantibus
2003 879 2305 966 cunstiS,

342 1002 897 1101 jubentibusque
914 1003 1144 1093 dicere
1164 1002 1756 1101 ipsum,omifl‘ain
1777 1002 1852 1075 id
1864 998 2306 1085 verecundia,

362 1136 411 1168 “
442 1124 621 1220 quid
667 1122 793 1199 fibi
844 1150 885 1197 a
930 1122 1165 1197 senatu
1225 1123 1637 1220 populoque
1695 1109 2032 1195 Romano
2087 1116 2306 1193 tribui

356 1256 407 1288 “
438 1270 753 1342 aequum
798 1241 1131 1317 censeret:
1178 1244 1582 1339 propensius
1617 1238 2208 1337 cumulatiusque,
2265 1240 2313 1310 fi

356 1374 405 1407 “
436 1389 585 1462 quo
628 1365 855 1460 poflit,
910 1381 1121 1460 prout
1166 1362 1311 1459 ejus
1364 1359 1610 1435 merita
1645 1362 1796 1451 fint,
1831 1358 2142 1432 senatum
2172 1356 2313 1433 fac-

366 1495 413 1527 “
450 1485 783 1571 turum;''
832 1483 917 1557 ad
951 1472 1033 1555 ea
1062 1506 1225 1554 text
1278 1489 1328 1523 “
1390 1479 1463 1551 Si
1508 1482 1598 1552 ab
1629 1478 1780 1553 aliis
1811 1477 1932 1553 fibi
1967 1476 2310 1576 praemio-

360 1612 409 1647 “
442 1628 607 1676 rum
659 1600 859 1700 optio
900 1599 1307 1685 deferretur,
1360 1597 1680 1686 libenter,
1739 1598 1904 1671 data
1933 1598 2154 1671 modo
2206 1596 2310 1671 fa·

359 1733 403 1766 “
439 1724 701 1797 cultate
744 1718 1151 1795 consulendi
1184 1716 1495 1791 senatum
1530 1720 1972 1804 Romanum,
2031 1714 2314 1790 consilio

365 1852 415 1885 “
464 1838 863 1939 ampliffimi
913 1837 1179 1913 ordinis
1227 1836 1521 1911 usurum
1573 1835 1801 1923 fuisse,
1845 1862 1934 1909 ne
1979 1834 2157 1932 quid
2188 1855 2310 1910 aut

362 1960 881 2035 “inmoderate
929 1956 1219 2055 cupiffe,
1272 1976 1393 2029 aut
1438 1954 1676 2053 petifl'e
1719 1980 1968 2052 parum
1999 1956 2310 2031 modeste
2397 2028 2404 2039 ,

366 2090 415 2124 “
446 2078 674 2154 videri
720 2078 973 2174 poffet:
1028 2099 1273 2149 verum
1319 2073 1706 2161 enimvero,
1755 2099 1985 2173 quum
2027 2073 2148 2171 ipsi
2199 2076 2320 2149 da-

378 2210 429 2243 “
464 2198 607 2273 turi
638 2200 791 2285 fiat,
837 2198 1067 2271 multo
1098 2192 1321 2292 magis
1353 2192 1910 2267 munificentiam
1943 2218 2190 2267 eorum
2236 2194 2310 2267 in

380 2328 431 2361 ‘⁶
466 2316 531 2394 se
564 2314 940 2412 fratresque
974 2312 1129 2387 suos
1181 2311 1488 2411 ipsorum
1520 2310 1788 2406 arbitrii
1836 2312 2090 2387 debere
2122 2316 2322 2389 effe.'’

372 2435 577 2515 Nihil
622 2437 755 2511 hac
787 2433 1098 2509 oratione
1149 2433 1293 2527 ejus
1338 2435 1572 2505 Patres
1609 2430 1978 2529 conscripti
2009 2434 2312 2514 deterriti

370 2554 549 2643 sunt,
585 2579 737 2653 quo
769 2552 1005 2627 minus
1034 2552 1267 2625 dicere
1302 2550 1529 2648 ipsum
1551 2551 1902 2646 juberent.
1965 2554 2062 2627 Et
2088 2574 2316 2653 quum

371 2672 837 2774 aliquamdiu,
864 2671 1032 2747 hinc
1062 2669 1732 2775 indulgentithinc
1758 2672 2120 2757 modestia,
2143 2672 2322 2748 inter

378 2792 857 2893 permittentes
914 2791 989 2866 in
1033 2790 1290 2878 vicem,
1335 2816 1479 2865 non
1510 2790 1736 2889 magis
1769 2802 2042 2881 mutua,
2096 2818 2312 2892 quam

374 2908 847 3009 inexplicabili
905 2910 1259 2997 facilitate,
1313 2930 1656 2984 certatum
1720 2912 1905 2998 effet,
1962 2916 2316 2990 Eumenes

369 3032 631 3131 templo
664 3032 959 3105 exceflit.
1022 3032 1311 3104 Senatus
1345 3028 1419 3103 in
1453 3030 1696 3105 eadem
1727 3031 2014 3129 perstare
2049 3030 2314 3108 senten-

376 3150 491 3239 tia,
554 3171 640 3223 ut
692 3158 741 3193 “
796 3146 1174 3224 absurdum
1208 3150 1386 3222 effe''
1416 3148 1708 3237 diceret,
1763 3160 1814 3193 ‘⁶
1869 3149 2184 3247 ignorare
2215 3178 2316 3228 re-

374 3282 417 3315 “
448 3295 645 3369 gem,
698 3266 876 3366 quid
917 3264 1213 3365 sperans»,
1268 3290 1391 3341 aut
1439 3290 1682 3367 petens
1725 3268 2013 3343 venerit.
2110 3276 2316 3373 Qae

382 3400 428 3433 “
462 3387 1007 3463 adcommodata
1059 3411 1277 3485 regno
1342 3386 1466 3461 suo
1525 3390 1678 3475 fint,
1763 3387 1990 3486 ipsum
2055 3388 2321 3487 optime

380 3520 426 3553 ‘⁶
462 3508 671 3583 scire:
766 3508 1001 3581 Aliam
1088 3508 1299 3604 longe
1364 3505 1644 3594 melius,
1700 3530 1918 3603 quam
1977 3506 2317 3598 senatum,

380 3636 427 3671 “
460 3628 673 3701 nosse.
772 3626 1294 3699 Revocandum
1328 3623 1544 3723 igitur
1577 3630 1645 3700 δε
1679 3626 2109 3725 cogendum,
2139 3651 2316 3726 quae

384 3754 432 3791 “
466 3747 699 3833 vellet,
746 3769 1069 3841 quaeque
1102 3743 1403 3832 sentiret,
1458 3747 1936 3842 expromere.”

456 3866 656 3940 LIII.
763 3863 1137 3938 Reductus
1197 3889 1238 3936 a
1282 3884 1592 3961 praetore
1647 3862 1722 3937 in
1767 3866 2114 3961 templum
2169 3892 2316 3955 rex,

375 3988 436 4065 δι
456 3982 955 4079 dicerejuss‘us:
986 3992 1037 4025 “
1067 3980 1667 4069 Perseveraffem,”
1693 3982 1950 4079 inquit,
1989 3992 2040 4026 “
2070 4003 2318 4074 tacere,

382 4109 433 4157 *‘
466 4104 699 4189 Patres
750 4098 1145 4201 conscripti,
1207 4100 1331 4175 nisi
1388 4100 1844 4178 Rhodiorum
1897 4102 2316 4205 legationem
