3100 5359
909 715 984 788 L
1035 737 1065 786 1
1125 737 1166 786 n
1225 738 1268 786 E
1325 738 1372 788 n
1475 692 1837 790 XXXIX.
2206 739 2348 814 329

373 913 544 968 nem
591 905 816 976 erant,
867 887 1112 964 omnia
1149 888 1398 964 eadem
1431 889 1753 985 paullum
1782 879 2155 962 inminutis
2186 913 2344 986 pre-

377 1005 494 1086 tiis
523 1009 956 1086 locaverunt.
1021 1006 1312 1084 Nobilis
1343 1005 1634 1084 censura
1658 1005 1823 1095 fuit,
1856 1005 2346 1084 fimultatimn·

373 1151 522 1226 que
573 1129 828 1226 plena3
878 1153 1060 1226 quae
1115 1131 1232 1204 M.
1279 1127 1619 1206 Porcium
1668 1125 1820 1226 (cui
1874 1125 2212 1204 acerbitas
2264 1153 2348 1204 ea

373 1235 894 1348 adfignabatur)
926 1272 1050 1346 per
1076 1273 1366 1324 omnem
1393 1249 1613 1324 vitam
1644 1267 2131 1324 exercuerunt.
2202 1249 2347 1322 Eo-

375 1371 548 1444 dem
599 1395 788 1445 anno
833 1368 1150 1445 coloniae
1197 1371 1407 1456 duae,
1464 1367 1795 1445 Potentia
1840 1367 1917 1442 in
1968 1366 2346 1455 Picenum,

377 1487 746 1566 Pisaurum
813 1486 890 1564 in
955 1487 1316 1564 Gallicum
1374 1515 1657 1588 agrum,
1740 1489 2086 1564 deductae
2163 1487 2347 1566 sunt.

375 1612 556 1686 Sena
590 1611 844 1708 jugera
895 1607 972 1684 in
1022 1612 1327 1708 singulos
1371 1611 1552 1686 data.
1656 1608 2067 1686 Diviserunt
2094 1635 2345 1710 agrum

377 1729 832 1829 coloniasque
864 1731 1321 1806 deduxerunt
1351 1728 1579 1806 iidem
1604 1729 1899 1817 tresviri,
1952 1734 2067 1831 Q
2086 1729 2353 1808 Fabius

383 1852 665 1938 Labeo,
711 1854 782 1926 δε
835 1851 953 1926 Μ.
981 1854 1052 1926 &
1097 1849 1496 1951 QFulvii,
1551 1852 1853 1928 Flaccus
1886 1854 1955 1928 δι
1990 1849 2349 1928 Nobilior.

379 1970 725 2047 Consules
747 1972 898 2067 ejus
931 1971 1100 2046 anni
1135 1997 1265 2046 nec
1294 1969 1494 2048 domi
1522 1997 1659 2046 nec
1684 1968 1979 2048 militiae
2004 1995 2350 2048 memora-

379 2091 526 2166 bile
557 2092 962 2191 quidquam
995 2113 1314 2192 egerunt.
1976 2157 1981 2162 .

478 2213 720 2288 XLV.
819 2212 908 2286 In
941 2210 1430 2310 insequentem
1448 2237 1719 2286 annum
1750 2230 2072 2286 crearunt
2102 2209 2352 2288 consu·

247 2377 252 2380 -
379 2333 485 2406 les
531 2334 645 2407 M.
683 2330 1076 2408 Claudium
1101 2333 1562 2420 Marcellum,
1590 2329 2033 2433 QFabium
2068 2333 2350 2408 Labeo-

380 2479 574 2528 nem.
675 2455 793 2528 M.
828 2452 1202 2542 Claudius,
1262 2457 1376 2554 Q
1417 2451 1683 2527 Fabius
1732 2451 1984 2528 Idibus
2036 2450 2351 2541 MartiiS,

379 2599 536 2673 quo
591 2571 712 2648 die
763 2571 1204 2649 consulatum
1255 2572 1595 2660 inierunt,
1650 2573 1741 2648 de
1780 2571 2163 2670 provinciis
2214 2571 2355 2648 suis

379 2713 931 2792 praetorumque
977 2696 1390 2773 retulerunt.
1491 2697 1845 2770 Praetores
1900 2692 2111 2770 creati
2160 2717 2357 2772 erant

383 2817 471 2892 C.
509 2813 830 2890 Valerius
867 2818 1128 2890 flamen
1164 2813 1418 2904 Dialis,
1481 2814 1611 2913 qui
1648 2819 1715 2888 &
1751 2813 1980 2913 priore
2014 2841 2203 2891 anno
2234 2843 2355 2915 pe·

383 2937 614 3024 tierat,
666 2941 736 3012 δι
780 2938 902 3035 Sp.
936 2935 1344 3011 Postumius
1373 2935 1715 3022 Albinus,
1752 2939 1819 3010 ὃς
1866 2936 1951 3010 Ρ.
1984 2936 2356 3012 Cornelius

381 3057 694 3148 Sisenna,
723 3059 818 3134 L.
844 3055 1146 3156 Pupius,
1177 3059 1272 3130 L.
1299 3056 1563 3151 Julius,
1587 3059 1724 3132 Cn.
1744 3054 2075 3132 Sicinius.
2159 3059 2353 3133 Con·

381 3177 658 3254 sulibus
707 3176 1017 3277 Ligures
1049 3202 1221 3252 cum
1255 3176 1506 3252 iisdem
1539 3175 1993 3264 exercitibus,
2054 3201 2237 3276 quos
2270 3181 2353 3252 P.

381 3298 734 3375 Claudius
783 3303 851 3374 ὅτ
907 3301 1000 3372 L.
1035 3295 1330 3372 Porcius
1381 3300 1799 3385 habuerant,
1843 3295 2354 3432 provinciade-

381 3439 574 3496 creta
619 3419 742 3494 est.
865 3417 1256 3516 Hispaniae
1314 3439 1510 3492 extra
1574 3416 1829 3492 sortem
1882 3416 2135 3515 prioris
2188 3418 2355 3494 anni

385 3538 822 3642 praetoribus
873 3565 1044 3614 cum
1097 3537 1238 3614 suis
1268 3537 1701 3614 exercitibus
1728 3537 2053 3614 servatae.
2153 3541 2357 3615 Prae-

383 3680 570 3742 tores
603 3659 704 3736 ita
731 3658 952 3735 sortiri
968 3661 1159 3758 jussi,
1195 3660 1301 3734 uti
1328 3657 1601 3734 flamini
1637 3658 1833 3734 Diali
1864 3680 2121 3756 utique
2138 3660 2358 3736 altera

373 3780 556 3878 juris
583 3778 876 3856 dicendi
909 3782 1189 3856 Romae
1215 3779 1585 3880 provincia
1616 3782 1803 3855 effer.
1902 3779 2357 3879 Peregrinam

383 3901 486 3976 est
517 3898 818 3977 sortitus.
917 3898 1243 3977 Sisennae
1278 3899 1615 3975 Cornelio
1648 3901 1937 3988 urbana,
1966 3902 2084 3999 Sp.
2108 3901 2356 3976 Postu-

385 4009 540 4098 mio
591 4021 856 4110 Sicilia,
921 4023 1016 4098 L.
1071 4021 1310 4120 Pupio
1363 4019 1655 4121 Apulia,
1717 4023 1813 4096 L.
1868 4019 2067 4115 Julio
2100 4022 2353 4114 Gallia,

383 4147 524 4236 Cn.
557 4142 832 4222 Sicinio
881 4141 1204 4220 Sardinia
1253 4140 1514 4218 evenit.
1614 4143 1707 4217 L.
1735 4140 1975 4238 Julius
2008 4162 2353 4220 maturare
