3100 5359
753 691 894 742 222
1370 667 2005 742 T.1..1v11

755 851 808 886 ⁸⁸
847 865 1030 939 quae
1065 839 1274 916 aedes
1306 840 1781 942 aedificiaque
1812 839 1995 916 intra
2026 840 2200 914 fines
2234 835 2433 939 regni
2470 837 2733 914 Antio-

753 971 806 1006 ⁸⁸
843 959 964 1036 chi
1011 958 1200 1048 sunt,
1284 986 1434 1059 quo
1486 961 1647 1058 jure
1712 983 1875 1036 ante
1936 961 2209 1036 bellum
2270 957 2588 1048 fuerunt,
2638 983 2732 1033 eo

753 1089 806 1124 ⁸⁸
845 1079 1313 1155 Rhodiorum
1364 1079 1814 1156 sociorumve
1860 1077 2090 1156 sunto.
2190 1077 2483 1178 siquae
2508 1105 2731 1178 pecu-
2848 1141 2860 1149 .

754 1210 806 1243 ⁸⁸
843 1198 1002 1274 niae
1049 1202 1426 1288 debentur,
1489 1225 1737 1276 earum
1802 1199 2080 1276 exactio
2144 1200 2315 1275 esto.
2412 1199 2485 1274 si
2544 1199 2731 1298 quid

751 1329 808 1364 ⁸⁸
841 1319 1160 1395 ablatum
1189 1319 1316 1408 est,
1347 1319 1426 1394 id
1461 1319 1964 1419 conquirendi,
1994 1319 2497 1420 cognoscendi,
2531 1347 2729 1418 repe-

754 1449 806 1486 ⁸⁸
843 1439 1191 1538 tendique
1229 1442 1350 1538 jus
1404 1439 1580 1515 item
1636 1439 1805 1516 esto·
1906 1437 1980 1515 Si
2035 1465 2212 1538 quas
2264 1443 2502 1532 urbes,
2546 1465 2730 1539 quas

754 1570 806 1606 ‘⁸
843 1559 1026 1636 tradi
1059 1581 1367 1660 oportet,
1396 1559 1450 1637 ii
1477 1580 1746 1649 tenent,
1775 1561 2045 1659 quibus
2072 1560 2473 1638 Antiochus
2492 1560 2725 1650 dedit,

751 1690 804 1726 ⁸⁸
841 1683 912 1755 δε
971 1707 1064 1755 ex
1121 1680 1208 1756 iis
1261 1679 1598 1778 praefidia
1631 1681 2030 1768 deducit03
2082 1680 2337 1779 utique
2370 1684 2555 1756 recte
2584 1703 2729 1756 tra·

753 1812 807 1847 ⁸⁸
839 1803 1130 1890 dantur,
1165 1823 1434 1878 curato·
1501 1801 1807 1901 Argenti
1839 1800 2051 1899 probi
2080 1799 2471 1876 duodecim
2500 1799 2730 1884 millia

753 1932 804 1967 ⁸⁸
840 1921 1086 1998 Attica
1119 1923 1378 1998 talenta
1407 1923 1579 1998 dato
1613 1921 1798 1996 intra
1830 1921 2224 1998 duodecim
2254 1947 2475 1997 annos
2504 1909 2729 2020 penfi-

751 2053 804 2088 ⁸⁸
839 2043 1108 2120 onibus
1135 2041 1407 2144 aequis,
1445 2043 1825 2139 (talentum
1854 2069 1943 2118 ne
1977 2041 2219 2118 minus
2250 2045 2497 2141 pondo
2528 2045 2725 2116 octo—

751 2173 804 2208 ⁸⁸
841 2163 1042 2264 ginta
1103 2160 1457 2238 Romanis
1516 2161 1960 2260 ponderibus
2012 2164 2309 2261 pendat)
2370 2166 2441 2238 δε
2504 2159 2725 2238 tritici

751 2294 804 2330 ⁸⁸
841 2284 1236 2384 quingenta
1263 2281 1730 2383 quadraginta
1748 2282 1973 2358 millia
2005 2283 2359 2358 modium.
2412 2283 2729 2359 Eumeni

750 2415 804 2451 ⁸⁸
840 2404 990 2505 regi
1040 2406 1301 2478 talenta
1339 2423 1652 2479 trecenta
1695 2403 2225 2502 quinquaginta
2256 2401 2439 2480 intra
2490 2404 2708 2502 quin-

749 2535 802 2572 ⁸⁸
839 2523 1238 2623 quennium
1259 2524 1448 2598 dato=
1471 2523 1548 2595 δι
1568 2549 1697 2622 pro
1729 2522 2115 2611 frumentO,
2130 2525 2333 2622 quod
2352 2522 2729 2600 aestimati·

750 2654 803 2690 ⁸⁸
839 2671 976 2720 one
997 2646 1144 2731 fiat,
1179 2646 1439 2718 talenta
1465 2664 1757 2720 centum
1789 2642 2047 2743 viginti
2073 2643 2362 2743 septem.
2426 2646 2728 2720 Obfides

750 2775 802 2810 ⁸⁸
840 2763 1192 2840 Romanis
1213 2763 1685 2863 vigintidat0‚
1714 2767 1783 2838 δι
1806 2763 2114 2838 triennio
2130 2783 2449 2852 mutatu,
2482 2789 2569 2838 ne
2586 2763 2725 2838 mi·

751 2897 804 2931 ‘⁸
841 2909 1044 2961 nores
1095 2886 1438 2960 octonum
1483 2885 1757 2958 denum
1810 2909 2190 2972 annorum,
2238 2911 2376 2959 neu
2430 2885 2729 2982 majores

751 3016 804 3052 ⁸⁸
841 3005 1150 3106 quinum
1169 3005 1735 3105 quadragenum.
1784 3003 1858 3078 Si
1904 3003 2031 3104 qui
2077 3003 2433 3080 sociorum
2468 3006 2725 3106 populi

751 3137 804 3172 ⁸⁸
840 3123 1160 3202 Romani
1177 3125 1370 3200 ultro
1401 3125 1676 3200 bellum
1708 3124 2013 3200 inferent
2044 3123 2439 3214 Antiocho,
2466 3125 2617 3201 vim
2648 3126 2731 3201 vi

755 3257 808 3294 ⁸⁸
841 3245 1128 3323 arcendi
1129 3246 1250 3344 jus
1270 3243 1415 3319 esto
1427 3277 1452 3334 ς,
1467 3245 1647 3319 dum
1662 3270 1983 3344 nequam
1996 3249 2251 3322 urbem
2262 3247 2731 3344 autbellijune

749 3377 804 3412 ⁸⁸
839 3385 1099 3455 teneat,
1133 3383 1256 3442 aut
1280 3361 1358 3438 in
1389 3363 1781 3440 amicitiam
1806 3363 2131 3466 accipiat.
2210 3369 2729 3444 Controverfias

753 3496 807 3532 ⁸⁸
839 3486 1026 3562 inter
1063 3483 1407 3582 sejureac
1427 3483 1717 3581 judicio
1751 3485 2213 3585 disceptantO,
2247 3509 2398 3578 aut,
2434 3487 2487 3561 fi
2518 3489 2727 3566 utris·

751 3616 806 3654 ‘⁸
841 3631 984 3706 que
1017 3602 1353 3704 placebit,
1386 3605 1647 3682 be110.''
1747 3609 1863 3688 De
1896 3607 2309 3688 Hannibale
2342 3611 2613 3700 Poeno,
2642 3610 2727 3684 δε

751 3727 1017 3804 Aetolo
1073 3727 1434 3813 Thoante,
1493 3727 1571 3798 δε
1632 3727 2129 3803 Mnafimacho
2194 3730 2591 3819 Acarnane,
2646 3735 2721 3804 ὃν.

751 3844 1330 3924 Chalcidensibus
1366 3846 1739 3922 Eubulida
1770 3847 1847 3920 δε
1866 3847 2199 3939 Philone,
2234 3849 2609 3940 dedendis,
2644 3851 2727 3925 in

749 3969 892 4046 hoc
949 3989 1246 4067 quoque
1291 3964 1575 4044 foedere
1626 3964 2061 4068 adscriptum
2124 3969 2249 4047 est.
2354 3973 2454 4046 Et
2504 3989 2615 4059 ut,
2666 3973 2719 4046 fi
