3100 5359
980 741 1431 816 Lrnnn
1529 741 1705 818 XL.
2202 769 2347 844 4¹3

378 924 430 960 “
462 917 536 990 &
579 913 830 990 aedem
877 913 1208 1014 Equestri
1255 917 1609 990 Fortunae
1654 911 1797 1000 sese,
1826 911 2221 989 facturum:
2274 914 2351 990 in

377 1045 430 1079 ‘⁸
461 1061 618 1110 eam
651 1059 802 1109 rem
835 1033 962 1110 fibi
990 1034 1372 1133 pecuniam
1405 1037 1759 1112 conlatam
1788 1035 1921 1108 effe
1952 1036 2045 1109 ab
2086 1033 2242 1110 His
2227 1061 2349 1134 pa-

377 1166 432 1201 ‘⁸
465 1157 644 1231 nis.”
739 1154 944 1230 Ludi
997 1155 1286 1246 decreti,
1338 1156 1534 1230 &ut
1568 1152 1939 1230 duumviri
1970 1156 2064 1229 ad
2094 1157 2349 1232 aedem

373 1277 752 1352 locandam
797 1297 1218 1352 crearentur.
1319 1279 1435 1352 De
1479 1275 1787 1376 pecunia
1820 1274 2091 1364 finitur,
2142 1286 2193 1320 “
2232 1279 2353 1352 Ne

380 1407 432 1442 “
467 1397 690 1494 major
771 1397 1000 1470 cauffa
1074 1399 1414 1472 ludorum
1485 1395 2040 1486 consumeretur,
2132 1423 2353 1497 quam

379 1527 430 1562 “
467 1539 732 1616 quanta
756 1516 1017 1592 Fulvio
1042 1515 1432 1606 Nobiliori,
1461 1516 1617 1617 post
1637 1516 2059 1612 Aetolicum
2079 1518 2355 1594 bellum

379 1648 430 1683 “
465 1638 678 1711 ludos
729 1635 1044 1726 facienti,
1097 1639 1379 1714 decreta
1415 1636 1623 1712 effett
1678 1663 1855 1713 neve
1888 1636 2071 1737 quid
2106 1639 2200 1712 ad
2231 1663 2353 1714 eos
2406 1674 2411 1679 ·

378 1769 429 1803 “
461 1758 672 1834 ludos
700 1759 1080 1847 arcefferet,
1131 1777 1439 1857 cogeret,
1489 1757 1864 1858 acciperet,
1904 1757 2187 1846 faceret,
2226 1761 2352 1834 ad-

378 1888 430 1923 “
463 1877 698 1954 versus
751 1877 829 1953 id
881 1876 1582 1966 senatusconsultum,
1632 1879 1835 1978 quod
1880 1881 1973 1954 L.
2004 1877 2349 1968 Aemilio,

377 2009 432 2044 “
469 2001 606 2076 Cn.
645 1997 910 2074 Baebio
959 1995 1369 2075 consulibus
1415 1999 1507 2072 de
1557 1997 1749 2074 ludis
1799 1997 2071 2074 factum
2119 2000 2352 2074 esset.'’

381 2123 808 2196 Decreverat
871 2119 948 2194 id
1015 2118 1290 2194 senatus
1359 2139 1645 2219 propter
1720 2116 1973 2194 effusos
2049 2118 2351 2210 sumtus,

381 2239 598 2316 faCtos
651 2240 728 2314 in
779 2241 990 2314 ludos
1035 2239 1158 2313 Ti.
1192 2238 1591 2338 Sempronii
1616 2238 1892 2328 aedilis,
1944 2239 2075 2338 qui
2108 2266 2352 2340 graves

378 2386 525 2435 non
583 2362 807 2436 modo
853 2359 1090 2435 Italiae
1139 2385 1222 2434 ac
1273 2358 1477 2434 sociis
1529 2357 1777 2436 Latini
1821 2359 2164 2449 nominis,
2197 2387 2203 2393 ·
2231 2361 2351 2438 sed

379 2480 589 2557 etiam
619 2478 1010 2580 provinciis
1035 2478 1340 2554 externis
1365 2477 1663 2556 fuerant.

480 2605 718 2678 XLV.
817 2601 1084 2676 Hiems
1109 2627 1197 2675 eo
1221 2625 1410 2674 anno
1436 2599 1601 2674 nive
1628 2598 1825 2676 saeva
1850 2605 1919 2677 &
1946 2604 2147 2681 omni
2175 2628 2353 2682 tem-

379 2723 731 2824 pestatum
785 2747 1040 2822 genere
1097 2719 1279 2796 fuit:
1363 2721 1671 2809 arbores,
1748 2747 1935 2820 quae
2000 2726 2355 2804 obnoxiae

379 2843 764 2945 frigoribus
812 2841 999 2931 sunt,
1051 2843 1396 2916 deufl'erat
1435 2843 1769 2916 cunctas:
1822 2845 1890 2916 8<
1926 2870 2009 2918 ea
2039 2867 2196 2923 tum
2228 2846 2355 2924 ali-

373 2985 676 3063 quant0,
727 2989 946 3063 quarn
977 2961 1169 3051 alias,
1199 2959 1482 3061 longior
1513 2958 1675 3035 fuit.
1772 2963 2025 3062 Itaque
2056 2967 2352 3044 Latinas

379 3110 558 3159 mox
621 3082 859 3160 subito
913 3102 1156 3158 coorta
1203 3085 1272 3156 ὅτ
1327 3079 1787 3158 intolerabilis
1850 3086 2219 3185 tempestas
2272 3089 2351 3164 in

378 3225 625 3280 monte
682 3202 1033 3280 turbavitt
1097 3201 1657 3301 instaurataeque
1704 3202 1865 3278 sunt
1916 3229 2007 3280 ex
2066 3208 2352 3283 decreto

379 3325 825 3424 pontificum.
925 3326 1202 3400 Eadem
1237 3323 1605 3422 tempestas
1630 3327 1699 3398 ὅτ
1735 3322 1809 3398 in
1844 3324 2201 3424 Capitolio
2225 3327 2351 3404 ali-

381 3467 566 3546 quot
627 3451 818 3546 figna
867 3443 1274 3532 constravit,
1357 3442 1924 3544 fulminibusque
1986 3449 2355 3547 complura

379 3568 540 3644 loca
567 3567 1039 3655 deformavit3
1089 3567 1340 3640 aedem
1367 3563 1569 3660 Jovis
1602 3564 2046 3656 Tarracinae,
2096 3570 2349 3646 aedem

381 3689 652 3763 Albam
685 3689 998 3786 Capuae,
1043 3706 1462 3785 portamque
1482 3687 1927 3761 Romanam:
1977 3686 2165 3763 muri
2192 3687 2351 3790 pin-

383 3833 514 3882 nae
563 3806 840 3906 aliquot
869 3805 1043 3882 locis
1071 3807 1392 3881 decuffae
1419 3827 1633 3880 erant.
1734 3809 1943 3884 Haec
1977 3808 2161 3884 inter
2190 3836 2350 3910 pro-

381 3925 583 4027 digia
639 3927 1061 4003 nunciatum
1103 3926 1182 4004 ὅτ
1245 3928 1338 4001 ab
1402 3927 1656 4015 Reate,
1706 3926 2058 4027 tripedem
2102 3950 2351 4005 natum

381 4050 693 4124 mulum.
821 4049 945 4123 Ob
999 4073 1082 4121 ea
1139 4045 1555 4134 decemviri,
1622 4047 1785 4142 juffi
1848 4047 2044 4122 adire
2104 4047 2347 4137 libros,

379 4167 700 4258 edidere,
749 4165 1018 4268 quibus
1048 4165 1212 4242 Diis
1243 4170 1311 4242 δι
1341 4187 1520 4266 quot
1552 4165 1795 4242 hostiis
1820 4163 2347 4244 sacrificaretur:
