3100 5359
743 658 886 755 308
1409 656 2041 731 T.L1v11

744 840 1214 903 netraverunt.
1315 824 1474 903 Ubi
1519 828 1613 903 ab
1656 824 1913 903 reliffis
1956 824 2033 902 in
2064 824 2409 925 praefidio
2450 804 2709 904 castre-

743 972 907 1021 rum
939 944 1291 1044 proelium
1323 944 1819 1023 instauratum:
1850 946 2223 1046 coafflque
2250 946 2413 1023 sunt
2434 950 2707 1023 Roma·

745 1066 824 1141 ni
844 1066 1120 1165 equites
1141 1064 1559 1143 descendere
1578 1094 1671 1143 ex
1690 1067 1917 1166 equis.
2017 1067 2555 1145 Dimioentibus
2586 1066 2706 1157 iis,

743 1185 936 1287 legio
969 1187 1221 1285 quinta
1251 1184 1681 1286 supervenit:
1734 1186 2023 1275 deinde,
2084 1208 2169 1261 ut
2211 1214 2541 1289 quaeque
2580 1212 2709 1287 po-

747 1328 1048 1397 tuerant,
1123 1306 1368 1407 copiae
1427 1310 1861 1383 adnuebant.
1984 1309 2404 1383 Caeduntur
2468 1310 2711 1409 paffim

745 1426 1052 1527 Hispani
1105 1455 1232 1527 per
1263 1448 1414 1503 tota
1445 1428 1662 1503 castra
1680 1461 1708 1516 3
1760 1454 1893 1503 nec
1924 1430 2085 1527 plus
2124 1455 2349 1528 quam
2404 1448 2713 1528 quatuor

745 1548 974 1625 millia
1003 1547 1384 1624 hominum
1419 1549 1841 1647 effugerunt.
1941 1550 2119 1624 Inde
2157 1549 2289 1624 tria
2314 1548 2545 1625 millia
2566 1547 2711 1623 fere

749 1667 878 1767 qui
908 1694 1101 1744 arma
1130 1669 1584 1756 retinuerant,
1635 1688 1957 1743 montem
1990 1669 2483 1769 propinquum
2508 1693 2709 1767 cepe·

745 1810 958 1863 runt:
1011 1787 1208 1863 mille
1251 1786 1649 1863 semiermes
1700 1786 2011 1863 maxime
2062 1815 2188 1886 per
2234 1812 2439 1889 agros
2496 1787 2707 1887 palati

745 1908 929 1984 sunt.
1027 1910 1252 2006 Supra
1289 1907 1579 2007 triginta
1610 1906 1934 2008 quinque
1961 1908 2187 1983 millia
2212 1909 2529 1985 hostiurn
2560 1909 2711 1984 fue-

747 2050 1023 2119 rant,ex
1047 2026 1316 2127 quibus
1355 2048 1496 2103 tam
1533 2029 1799 2128 exigua
1828 2054 1985 2127 pars
2022 2054 2302 2129 pugnae
2346 2027 2713 2128 superfuit.

749 2149 967 2250 Signa
1013 2170 1215 2247 capta
1267 2170 1559 2223 centurn
1589 2147 1875 2248 triginta
1908 2150 2061 2224 tria.
2158 2148 2479 2225 Romani
2512 2148 2713 2225 socii·

749 2296 895 2369 que
928 2270 1168 2369 paullo
1193 2269 1353 2368 plus
1373 2266 1711 2357 sexcenti,
1737 2269 1815 2341 &
1845 2270 2389 2368 provincialium
2406 2269 2709 2345 auxilio-

750 2410 914 2467 rum
942 2410 1236 2467 centum
1261 2387 1788 2489 quinquaginta
1812 2388 2033 2465 ferme
2060 2389 2501 2465 ceciderunt.
2552 2390 2714 2465 Tri·

751 2511 931 2587 buni
981 2508 1298 2585 militurn
1351 2506 1678 2607 quinque
1734 2509 1981 2597 amisti,
2036 2515 2105 2585 ac
2164 2510 2375 2609 pauci
2438 2509 2715 2610 equites

751 2629 1100 2718 Romani,
1133 2648 1460 2705 cruentae
1493 2628 1807 2705 maxime
1830 2630 2161 2705 victoriae
2188 2629 2493 2729 speciem
2530 2630 2713 2707 fece·

751 2770 940 2827 runt.
1038 2752 1126 2825 In
1177 2748 1412 2826 castris
1449 2748 1789 2838 hostium,
1848 2750 2019 2849 quia
2070 2749 2226 2849 ipfis
2258 2748 2567 2850 spatium
2602 2750 2716 2825 sua

595 2969 602 2981 1
749 2868 1296 2949 communiendi
1349 2896 1496 2945 non
1549 2868 1802 2957 fuerat,
1847 2869 2271 2945 manserunt.
2372 2872 2519 2945 Pro
2546 2896 2713 2945 con·

753 2992 962 3069 cione
1007 2990 1280 3091 postero
1333 2989 1454 3065 die
1491 2987 1758 3065 laudati
1795 2988 2185 3088 donatique
2220 3014 2263 3065 a
2294 2990 2381 3065 C.
2416 2992 2714 3089 Calpur·

753 3112 882 3191 nio
931 3111 1208 3213 equites
1262 3110 1584 3210 phaleris.
1716 3108 2396 3208 Pronunciavitque,
2468 3136 2713 3185 eorum

756 3233 1070 3312 maxime
1103 3256 1313 3332 opera
1343 3230 1573 3305 hostes
1606 3228 1822 3319 fusos,
1857 3230 2075 3307 castra
2104 3252 2307 3328 capta
2336 3234 2406 3305 ac
2440 3256 2715 3331 expug-

757 3374 924 3433 nata
985 3354 1142 3429 effe.
1241 3349 1647 3451 Qinfflus’
1693 3354 1865 3426 alter
1922 3367 2196 3449 praetor
2238 3347 2399 3425 suos
2440 3350 2716 3451 equites

755 3474 1022 3553 eatenis
1048 3498 1130 3549 ac
1163 3471 1405 3547 fibulis
1431 3469 1749 3546 donavit.
1851 3469 2119 3545 Donati
2152 3474 2220 3546 ὅτ
2272 3471 2716 3547 centuriones

757 3622 852 3673 ex
882 3592 1248 3692 utriusque
1279 3590 1592 3667 exercitu
1627 3588 2011 3689 permulti3
2058 3590 2373 3667 maxime
2406 3591 2539 3691 qui
2571 3618 2713 3667 me·

757 3716 956 3793 diam
985 3715 1212 3791 aciem
1245 3732 1648 3787 tenuerunt.

857 3835 1178 3912 XXXII.
1277 3830 1646 3921 Consules»,
1705 3831 2098 3908 delestibus
2160 3830 2483 3931 aliisque,
2536 3856 2715 3931 quae

757 3958 1042 4033 Romae
1084 3953 1398 4053 agendae
1441 3972 1663 4039 erant,
1702 3950 1997 4051 perastis
2030 3955 2265 4039 rebus,
2301 3952 2377 4026 in
2412 3952 2713 4052 Ligures

755 4074 1198 4181 provinciam
1241 4070 1636 4150 exercitum
1681 4072 2064 4161 duxerunt.
2162 4072 2641 4173 Sempronius,
2672 4094 2715 4146 a
