3100 5359
767 706 910 805 276
1383 700 2012 777 T.L1v11

769 877 1144 954 discuteret
1175 879 1432 953 modo:
1483 903 1617 953 nec
1650 876 1717 951 se
1752 904 1839 953 eo
1869 875 2385 976 praecipitaret,
2432 876 2567 953 ubi
2592 903 2755 953 om-

767 998 887 1074 nia
908 997 1196 1074 infanda
1273 996 1606 1095 patienda
1670 998 2014 1095 primum,
2097 998 2361 1073 deinde
2425 996 2757 1073 facienda

769 1120 1007 1194 effent.
1109 1118 1372 1217 Neque
1405 1140 1565 1194 ante
1600 1118 1862 1193 dimifit
1890 1144 2087 1208 eum,
2113 1144 2339 1218 quam
2368 1120 2592 1195 fidem
2624 1120 2754 1195 de-

770 1237 882 1313 dit
909 1236 1332 1326 adolescenS,
1369 1241 1458 1313 ab
1493 1237 1603 1312 his
1625 1237 1824 1313 sacris
1856 1237 1924 1314 se
1957 1258 2539 1338 temperaturum.

873 1361 1004 1433 xl.
1104 1356 1496 1455 Postquam
1549 1342 1853 1433 domurn
1909 1357 2132 1448 venit,
2180 1359 2259 1433 δε
2292 1378 2515 1434 mater
2546 1382 2753 1433 men·

775 1480 1052 1555 tionem
1083 1477 1352 1566 intulit,
1389 1477 1573 1576 quid
1600 1478 1699 1552 eo'
1717 1477 1861 1566 die,
1891 1478 2074 1576 quid
2106 1478 2445 1578 deinceps
2474 1476 2755 1566 ceteriS,

771 1625 955 1698 quae
983 1600 1076 1673 ad
1101 1598 1286 1673 sacra
1313 1596 1767 1696 pertinerent,
1819 1596 2231 1673 faciendum
2256 1600 2421 1673 effet
2442 1631 2469 1686 3
2509 1616 2757 1697 negat,

775 1744 1024 1795 eorum
1071 1717 1137 1793 se
1191 1716 1595 1816 quidquam
1640 1716 2025 1806 facturum,
2052 1744 2185 1794 nec
2220 1716 2483 1792 initiari
2511 1717 2637 1794 fibi
2671 1718 2759 1793 iu

771 1840 1015 1914 animo
1041 1838 1200 1912 effe.
1302 1838 1577 1911 Aderat
1606 1836 1908 1913 sermoni
1934 1836 2249 1914 vitricus,
2346 1836 2755 1913 Confestim

775 1956 1035 2035 mulier
1110 1956 1484 2046 exclamat,
1568 1967 1619 2001 “
1657 1956 1993 2058 Hispalae
2052 1957 2449 2033 concubitu
2517 1984 2755 2034 carere

773 2089 825 2125 ‘⁶
861 2104 1032 2154 eum
1065 2079 1320 2152 decem
1339 2080 1579 2151 noctes
1613 2103 1761 2153 non
1799 2080 2014 2175 poffe,
2050 2075 2239 2154 illius
2273 2098 2589 2154 excetrae
2624 2080 2755 2153 de-

773 2210 825 2245 “
861 2196 1252 2276 linimentis
1308 2201 1378 2271 &
1429 2196 1723 2271 venenis
1775 2196 2170 2287 imbutum,
2232 2224 2365 2274 nec
2410 2197 2747 2297 parentis,

774 2330 826 2365 “
862 2346 996 2397 nec
1021 2316 1284 2406 vitrici,
1319 2343 1452 2392 nec
1487 2319 1815 2394 Deorum
1858 2319 2365 2395 verecundiam
2420 2321 2757 2395 habere.”

772 2441 1152 2539 Jurgantes
1185 2436 1357 2513 hinc
1391 2457 1638 2526 mater,
1678 2436 1849 2514 hinc
1882 2438 2201 2529 vitricus,
2238 2466 2405 2515 curn
2442 2460 2757 2538 quatuor

776 2583 948 2633 curn
981 2557 1188 2633 servis
1221 2558 1444 2632 domo
1478 2581 1888 2658 exegerunt.
1988 2558 2421 2635 Adolescens
2452 2559 2623 2635 inde
2656 2562 2755 2636 ad

774 2675 1166 2751 Aebutiam
1218 2676 1286 2753 se
1347 2678 1641 2753 amitam
1706 2678 2053 2754 contulit:
2134 2682 2584 2779 cauffamque
2654 2680 2753 2770 ei,

776 2823 904 2872 cur
931 2798 1094 2871 effet
1115 2824 1155 2871 a
1181 2816 1398 2872 matre
1427 2799 1713 2895 ejectus,
1744 2798 2065 2874 narravit.
2146 2798 2435 2876 Deinde
2462 2825 2554 2874 ex
2582 2827 2755 2877 auc-

776 2915 1054 2991 toritate
1102 2918 1252 3015 ejus
1287 2918 1564 3016 postero
1593 2917 1712 2993 die
1746 2919 1839 2992 ad
1871 2918 2234 2995 consulem
2267 2918 2756 3010 Postumium,

777 3036 1052 3113 arbitris
1096 3036 1410 3126 remotis„
1465 3064 1616 3113 rem
1651 3037 1931 3113 detulit.
2028 3037 2295 3115 Consul
2346 3038 2503 3137 post
2555 3038 2759 3117 diem

779 3159 1068 3236 tertium
1119 3158 1211 3233 ad
1255 3156 1320 3232 se
1341 3158 1615 3255 juffum
1649 3158 1874 3234 redire
1911 3157 2173 3233 dimifit
2193 3191 2217 3247 3
2268 3157 2415 3257 ipse
2448 3158 2757 3257 Sulpici-

780 3304 926 3367 am,
959 3304 1242 3378 gravem
1274 3276 1641 3367 feminam,
1676 3278 1955 3354 socrum
1988 3278 2210 3369 suam,
2256 3282 2757 3379 percunctatus

781 3398 907 3487 est,
993 3410 1384 3499 “.ecquam
1464 3424 1683 3474 anum
1770 3400 2159 3476 Aebutiam
2231 3426 2323 3476 ex
2390 3400 2759 3477 Aventino

781 3527 835 3564 ‘⁶
872 3520 1092 3594 noffet
1117 3520 1191 3592 ?'’
1238 3541 1471 3616 quum
1508 3527 1561 3562 “
1596 3543 1754 3593 eam
1776 3522 1993 3609 nofl'e,
2019 3523 2344 3618 probam,
2378 3524 2444 3593 δι
2476 3520 2757 3621 antiqui

785 3650 840 3684 “
875 3639 1092 3714 moris
1127 3636 1543 3726 feminam,”
1610 3638 2110 3737 respondissem
2164 3650 2216 3684 “
2253 3665 2434 3739 opus
2467 3642 2605 3715 effe
2624 3640 2755 3717 fibi

787 3770 840 3804 “
877 3785 958 3835 ea
980 3761 1371 3835 conventa”
1390 3756 1600 3834 dixit.
1657 3770 1707 3802 “
1746 3758 2071 3835 Mitteret
2090 3759 2443 3836 nuncium
2456 3762 2548 3835 ad
2570 3788 2751 3851 eam,

789 3890 842 3925 “
878 3901 961 3954 ut
984 3879 1322 3954 veniret.”
1385 3878 1705 3955 Aebutia
1720 3878 1955 3955 adcita
1984 3882 2075 3955 ad
2109 3879 2499 3979 Sulpiciam
2530 3881 2752 3958 venit.

793 4002 894 4076 Et
956 3998 1200 4074 consul
1243 4002 1484 4098 paullo
1535 4000 1718 4098 post,
1772 4000 1969 4075 velut
2017 3999 2197 4074 forte
2259 3999 2757 4091 intervenifl‘et‚

791 4119 1186 4197 sermonem
1215 4122 1307 4195 de
1339 4119 1659 4197 Aebutio
1690 4118 1913 4195 fratris
1940 4122 2087 4218 ejus
2116 4120 2269 4197 filio
2302 4120 2536 4199 infert.
2616 4124 2757 4199 La·
