3100 5359
987 732 1449 816 Lraaa
1550 733 1720 813 XL.
2209 760 2350 838 353

380 928 635 1003 navem
663 934 1130 1014 praeparatam
1162 938 1204 987 a
1232 910 1519 1000 Poride,
1566 908 1806 1011 sopitis
1838 908 2200 998 omnibus,
2253 911 2347 985 de

376 1035 581 1109 tertia
628 1033 873 1133 vigilia
923 1032 1435 1121 conscendunt,
1496 1054 1866 1131 tamquam
1923 1030 2216 1105 redituri
2267 1028 2346 1104 in

380 1148 455 1230 T
456 1154 988 1241 heflalonicarm
1023 1151 1143 1229 sed
1162 1152 1469 1249 trajicere
1499 1152 1577 1228 in
1609 1154 1984 1227 Euboeam
2016 1172 2160 1225 erat
2183 1176 2353 1250 pro·

379 1278 709 1374 potitum.
809 1276 1146 1350 Ceterum
1198 1270 1274 1347 in
1308 1270 1678 1347 adversum
1711 1291 2008 1347 ventum
2044 1270 2349 1369 nequid-

380 1420 603 1494 quam
658 1406 783 1471 'eos
838 1394 1207 1471 tendentes
1258 1418 1475 1492 prope
1513 1414 1768 1467 terram
1813 1394 1942 1467 lux
1977 1394 2304 1491 obpressit
2323 1420 2346 1464 x

380 1514 459 1587 fit
496 1514 701 1615 regii,
760 1512 891 1613 qui
924 1534 1282 1612 praeerant
1310 1512 1670 1589 custodiae
1703 1534 1973 1613 portus,
2024 1513 2350 1587 lembum

377 1658 731 1711 armatum
780 1634 875 1710 ad
930 1634 1463 1733 pertrahendam
1509 1658 1668 1707 eam
1709 1630 1950 1707 navim
1981 1630 2348 1721 miserunt,

378 1780 551 1830 cum
574 1754 771 1855 gravi
799 1752 1063 1843 edieto,
1099 1779 1189 1829 ne
1215 1774 1716 1829 reverterentur
1742 1756 1880 1827 fine
1911 1779 2013 1828 ea.
2092 1758 2350 1855 Qum

368 1874 523 1974 jam
566 1872 1261 1974 adpropinquabant,
1312 1871 1512 1948 Poris
1540 1872 1842 1971 quidem
1887 1874 1980 1947 ad
2013 1872 2348 1948 hortatio-

380 2020 551 2071 nem
582 1993 941 2094 remigum
974 2014 1491 2091 nautarumque
1530 1992 1842 2069 intentus
1895 2000 2082 2079 erat3
2134 1992 2348 2067 inter-

379 2115 565 2191 dum
610 2139 863 2189 manus
903 2114 999 2188 ad
1028 2114 1312 2189 coelum
1356 2112 1655 2189 tendens
1689 2114 1908 2201 Deos,
1975 2134 2058 2187 ut
2091 2110 2350 2187 ferrent

378 2260 623 2335 opem,
674 2237 939 2309 orabat.
1038 2231 1271 2309 Ferox
1313 2231 1600 2307 interim
1643 2231 1934 2321 femina,
1987 2234 2080 2307 ad
2114 2234 2346 2307 multo

376 2376 543 2431 ante
570 2352 1128 2454 praecogitatum
1153 2354 1467 2429 revoluta
1492 2350 1795 2442 facinus,
1847 2378 2202 2427 venenum
2236 2352 2346 2427 di-

380 2474 543 2564 luit,
594 2473 1005 2572 ferrumque
1068 2471 1371 2570 promit:
1424 2477 1521 2560 &,
1572 2471 1798 2572 pofito
1849 2472 1926 2547 in
1963 2472 2346 2572 conspeftu

380 2596 672 2695 poculo,
706 2591 1095 2692 strietisque
1121 2592 1400 2692 gladiis,
1428 2603 1479 2637 ‘⁴
1518 2594 1798 2681 Mors,”
1830 2594 2094 2693 inquit,
2118 2605 2168 2640 ‘⁶
2203 2620 2350 2671 una

383 2725 435 2760 ‘⁶
470 2712 790 2789 vindicta
845 2712 968 2788 est.
1068 2712 1245 2787 Viae
1296 2714 1389 2787 ad
1430 2734 1735 2789 mortem
1779 2716 1910 2790 hae
1943 2714 2148 2791 sunta
2199 2741 2346 2815 qua

386 2842 437 2883 “
472 2858 839 2935 quemque
872 2830 1151 2907 animus
1178 2830 1341 2921 fert,
1391 2833 1682 2932 effugite
1715 2832 2109 2934 superbiam
2163 2835 2348 2936 regi-

382 2966 435 3002 “
470 2981 612 3031 am.
712 2951 961 3052 Agite,
1000 2952 1297 3048 juvenes
1334 2952 1505 3041 mei,
1568 2952 1912 3052 primum,
1963 2955 2092 3055 qui
2123 2956 2342 3052 majo·

380 3072 433 3122 '⁴‘
466 3102 575 3151 res
601 3074 787 3164 estis,
820 3072 1053 3171 capite
1080 3071 1389 3160 ferrum3
1438 3094 1564 3148 aut
1595 3074 1868 3150 haurite
1890 3077 2263 3174 poculum,
2295 3076 2344 3149 fi

384 3207 435 3242 ‘⁶
470 3194 750 3296 segnior
766 3218 957 3269 mors
976 3194 1249 3289 juvat?
1348 3195 1445 3267 Et
1471 3192 1702 3268 hostes
1727 3168 2037 3281 aderant,
2069 3198 2140 3269 δι
2172 3218 2342 3270 auc-

382 3340 491 3393 tor
546 3314 793 3393 mortis
846 3313 1165 3389 instabat.
1268 3312 1421 3387 Alii
1462 3313 1602 3387 alio
1629 3316 1772 3390 leto
1801 3311 2104 3389 absumti
2137 3311 2342 3389 semi-

379 3436 647 3513 animes
675 3462 717 3509 e
742 3458 917 3509 nave
950 3430 1515 3532 praecipitantur.
1614 3432 1766 3533 Ipsa
1791 3432 2080 3527 deinde,
2106 3434 2346 3511 virum

380 3557 720 3633 comitem
772 3554 1017 3631 mortis
1060 3556 1458 3652 complexa,
1522 3554 1601 3628 in
1645 3580 1834 3629 mare
1878 3552 2012 3629 sese
2061 3554 2340 3652 dejecit.

378 3680 585 3753 Nave
612 3700 837 3751 vacua
860 3672 1172 3749 dominis
1190 3671 1365 3773 regii
1390 3673 1598 3772 potiti
1617 3672 1800 3749 sunt.

478 3798 569 3871 V.
668 3796 915 3891 Hujus
938 3792 1257 3868 atrocitas
1288 3790 1614 3867 facinoris
1635 3819 1894 3869 novam
1921 3796 2116 3871 velut
2139 3798 2340 3870 flam-

378 3940 573 3991 mam
624 3913 807 4014 regis
854 3912 1160 3989 invidiae
1199 3911 1479 4007 adjecit,
1531 3934 1616 3987 ut
1646 3916 1865 4014 vulgo
1897 3915 2128 4015 ipsum
2161 3915 2338 3990 libe-

378 4034 631 4135 rosque
675 4035 823 4132 ejus
884 4031 1419 4109 exsecrarentur.
1518 4036 1725 4133 Qae
1771 4034 1959 4109 dirae
2011 4034 2208 4111 brevi
2245 4039 2338 4111 ab

375 4153 713 4233 omnibus
760 4150 921 4229 Diis
953 4150 1354 4240 exauditae,
1414 4172 1499 4226 ut
1528 4150 1812 4229 saeviret
1841 4153 2094 4259 ipse-in
2127 4152 2337 4235 suum

1307 4270 1375 4343 A
1397 4296 1439 4345 a
