<?xml version="1.0" encoding="UTF-8"?>
<!DOCTYPE html PUBLIC "-//W3C//DTD XHTML 1.0 Transitional//EN"
    "http://www.w3.org/TR/xhtml1/DTD/xhtml1-transitional.dtd">
<html xmlns="http://www.w3.org/1999/xhtml" xml:lang="en" lang="en">
 <head>
  <title>
</title>
<meta http-equiv="Content-Type" content="text/html;charset=utf-8" />
  <meta name='ocr-system' content='tesseract 3.04.00' />
  <meta name='ocr-capabilities' content='ocr_page ocr_carea ocr_par ocr_line ocrx_word'/>
</head>
<body>
  <div class='ocr_page' id='page_1' title='image "./tliviipatavinih01homegoog_0041.png"; bbox 0 0 3100 5359; ppageno 0'>
   <div class='ocr_carea' id='block_1_1' title="bbox 844 746 2296 849">
    <p class='ocr_par' dir='ltr' id='par_1_1' title="bbox 844 746 2296 849">
     <span class='ocr_line' id='line_1_1' title="bbox 844 746 2296 849; baseline 0 -29"><span class='ocrx_word' id='word_1_1' title='bbox 844 746 919 820; x_wconf 94' lang='lat' dir='ltr'>L</span> <span class='ocrx_word' id='word_1_2' title='bbox 971 772 998 820; x_wconf 94' lang='lat'>1</span> <span class='ocrx_word' id='word_1_3' title='bbox 1059 771 1101 821; x_wconf 80' lang='lat' dir='ltr'>B</span> <span class='ocrx_word' id='word_1_4' title='bbox 1160 772 1205 820; x_wconf 72' lang='grc' dir='ltr'>ιε</span> <span class='ocrx_word' id='word_1_5' title='bbox 1261 772 1309 820; x_wconf 81' lang='lat' dir='ltr'>R</span> <span class='ocrx_word' id='word_1_6' title='bbox 1413 748 1771 823; x_wconf 86' lang='lat' dir='ltr'><strong>XXXVI.</strong></span> <span class='ocrx_word' id='word_1_7' title='bbox 2207 774 2296 849; x_wconf 82' lang='lat'>33</span> 
     </span>
    </p>
   </div>
   <div class='ocr_carea' id='block_1_2' title="bbox 297 912 2302 4259">
    <p class='ocr_par' dir='ltr' id='par_1_2' title="bbox 299 912 2302 4032">
     <span class='ocr_line' id='line_1_2' title="bbox 327 912 2295 1022; baseline 0 -27"><span class='ocrx_word' id='word_1_8' title='bbox 327 912 417 1003; x_wconf 69' lang='lat' dir='ltr'>itt</span> <span class='ocrx_word' id='word_1_9' title='bbox 440 920 658 999; x_wconf 85' lang='lat' dir='ltr'>castra</span> <span class='ocrx_word' id='word_1_10' title='bbox 691 942 1160 1010; x_wconf 84' lang='lat' dir='ltr'>reverterunt3</span> <span class='ocrx_word' id='word_1_11' title='bbox 1207 946 1396 1021; x_wconf 89' lang='lat' dir='ltr'>quae</span> <span class='ocrx_word' id='word_1_12' title='bbox 1419 944 1679 997; x_wconf 86' lang='lat' dir='ltr'>tentata</span> <span class='ocrx_word' id='word_1_13' title='bbox 1702 949 1789 997; x_wconf 91' lang='lat' dir='ltr'>eo</span> <span class='ocrx_word' id='word_1_14' title='bbox 1822 921 1941 997; x_wconf 86' lang='lat' dir='ltr'>die</span> <span class='ocrx_word' id='word_1_15' title='bbox 1976 922 2155 997; x_wconf 87' lang='lat' dir='ltr'>inter</span> <span class='ocrx_word' id='word_1_16' title='bbox 2186 922 2295 1022; x_wconf 83' lang='lat' dir='ltr'>ip-</span> 
     </span>
     <span class='ocr_line' id='line_1_3' title="bbox 324 1039 2292 1142; baseline -0.001 -25"><span class='ocrx_word' id='word_1_17' title='bbox 324 1039 482 1119; x_wconf 88' lang='lat' dir='ltr'>sum</span> <span class='ocrx_word' id='word_1_18' title='bbox 513 1066 800 1142; x_wconf 83' lang='lat' dir='ltr'>pugnae</span> <span class='ocrx_word' id='word_1_19' title='bbox 848 1064 1128 1142; x_wconf 87' lang='lat' dir='ltr'>ternpus</span> <span class='ocrx_word' id='word_1_20' title='bbox 1167 1047 1257 1119; x_wconf 91' lang='lat' dir='ltr'>ab</span> <span class='ocrx_word' id='word_1_21' title='bbox 1292 1044 1593 1133; x_wconf 77' lang='lat' dir='ltr'>AetoliS,</span> <span class='ocrx_word' id='word_1_22' title='bbox 1646 1045 2071 1119; x_wconf 71' lang='lat' dir='ltr'>Heracleam</span> <span class='ocrx_word' id='word_1_23' title='bbox 2106 1042 2292 1118; x_wconf 85' lang='lat' dir='ltr'>obti-</span> 
     </span>
     <span class='ocr_line' id='line_1_4' title="bbox 327 1160 2287 1262; baseline 0 -25"><span class='ocrx_word' id='word_1_24' title='bbox 327 1160 666 1239; x_wconf 83' lang='lat' dir='ltr'>nentibus</span> <span class='ocrx_word' id='word_1_25' title='bbox 709 1162 1074 1262; x_wconf 81' lang='lat' dir='ltr'>praefidio,</span> <span class='ocrx_word' id='word_1_26' title='bbox 1127 1167 1264 1239; x_wconf 87' lang='lat' dir='ltr'>fine</span> <span class='ocrx_word' id='word_1_27' title='bbox 1297 1166 1448 1239; x_wconf 92' lang='lat' dir='ltr'>ullo</span> <span class='ocrx_word' id='word_1_28' title='bbox 1483 1164 1677 1239; x_wconf 91' lang='lat' dir='ltr'>haud</span> <span class='ocrx_word' id='word_1_29' title='bbox 1709 1189 1963 1262; x_wconf 89' lang='lat' dir='ltr'>parum</span> <span class='ocrx_word' id='word_1_30' title='bbox 1998 1160 2287 1237; x_wconf 85' lang='lat' dir='ltr'>audacis</span> 
     </span>
     <span class='ocr_line' id='line_1_5' title="bbox 327 1282 2286 1381; baseline 0.002 -26"><span class='ocrx_word' id='word_1_31' title='bbox 327 1282 595 1381; x_wconf 87' lang='lat' dir='ltr'>incepti</span> <span class='ocrx_word' id='word_1_32' title='bbox 629 1284 914 1373; x_wconf 64' lang='lat' dir='ltr'>effectu,</span> <span class='ocrx_word' id='word_1_33' title='bbox 949 1282 1246 1359; x_wconf 78' lang='lat' dir='ltr'>filerant.</span> <span class='ocrx_word' id='word_1_34' title='bbox 1328 1283 1623 1373; x_wconf 88' lang='lat' dir='ltr'>Consul,</span> <span class='ocrx_word' id='word_1_35' title='bbox 1658 1282 1888 1361; x_wconf 61' lang='lat' dir='ltr'>noctis</span> <span class='ocrx_word' id='word_1_36' title='bbox 1914 1282 2286 1381; x_wconf 90' lang='lat' dir='ltr'>insequen-</span> 
     </span>
     <span class='ocr_line' id='line_1_6' title="bbox 327 1402 2288 1505; baseline -0.001 -26"><span class='ocrx_word' id='word_1_37' title='bbox 327 1402 414 1479; x_wconf 85' lang='lat' dir='ltr'>tis</span> <span class='ocrx_word' id='word_1_38' title='bbox 459 1402 661 1480; x_wconf 89' lang='lat' dir='ltr'>tertia</span> <span class='ocrx_word' id='word_1_39' title='bbox 692 1402 940 1505; x_wconf 87' lang='lat' dir='ltr'>vigilia</span> <span class='ocrx_word' id='word_1_40' title='bbox 969 1403 1338 1502; x_wconf 89' lang='lat' dir='ltr'>praemiffo</span> <span class='ocrx_word' id='word_1_41' title='bbox 1371 1405 1693 1503; x_wconf 90' lang='lat' dir='ltr'>equitatu</span> <span class='ocrx_word' id='word_1_42' title='bbox 1750 1404 1841 1479; x_wconf 91' lang='lat' dir='ltr'>ad</span> <span class='ocrx_word' id='word_1_43' title='bbox 1871 1402 2288 1503; x_wconf 88' lang='lat' dir='ltr'>persequen-</span> 
     </span>
     <span class='ocr_line' id='line_1_7' title="bbox 321 1523 2281 1624; baseline 0 -25"><span class='ocrx_word' id='word_1_44' title='bbox 321 1524 502 1601; x_wconf 89' lang='lat' dir='ltr'>dum</span> <span class='ocrx_word' id='word_1_45' title='bbox 537 1526 839 1613; x_wconf 87' lang='lat' dir='ltr'>hostem,</span> <span class='ocrx_word' id='word_1_46' title='bbox 892 1528 1080 1624; x_wconf 87' lang='lat' dir='ltr'>figna</span> <span class='ocrx_word' id='word_1_47' title='bbox 1134 1523 1504 1624; x_wconf 89' lang='lat' dir='ltr'>legionum</span> <span class='ocrx_word' id='word_1_48' title='bbox 1557 1524 1786 1624; x_wconf 86' lang='lat' dir='ltr'>prima</span> <span class='ocrx_word' id='word_1_49' title='bbox 1835 1525 1997 1598; x_wconf 89' lang='lat' dir='ltr'>luce</span> <span class='ocrx_word' id='word_1_50' title='bbox 2030 1525 2281 1599; x_wconf 87' lang='lat' dir='ltr'>movit.</span> 
     </span>
     <span class='ocr_line' id='line_1_8' title="bbox 321 1643 2283 1745; baseline -0.001 -24"><span class='ocrx_word' id='word_1_51' title='bbox 321 1644 804 1743; x_wconf 72' lang='lat' dir='ltr'><strong>Aliquantum</strong></span> <span class='ocrx_word' id='word_1_52' title='bbox 829 1644 982 1721; x_wconf 85' lang='lat' dir='ltr'>viae</span> <span class='ocrx_word' id='word_1_53' title='bbox 1002 1666 1441 1745; x_wconf 84' lang='lat' dir='ltr'>praeceperat</span> <span class='ocrx_word' id='word_1_54' title='bbox 1474 1670 1635 1732; x_wconf 83' lang='lat' dir='ltr'>rex3</span> <span class='ocrx_word' id='word_1_55' title='bbox 1670 1664 1754 1719; x_wconf 91' lang='lat' dir='ltr'>ut</span> <span class='ocrx_word' id='word_1_56' title='bbox 1773 1643 1899 1744; x_wconf 87' lang='lat' dir='ltr'>qui</span> <span class='ocrx_word' id='word_1_57' title='bbox 1928 1668 2073 1718; x_wconf 88' lang='lat' dir='ltr'>non</span> <span class='ocrx_word' id='word_1_58' title='bbox 2094 1666 2283 1734; x_wconf 90' lang='lat' dir='ltr'>ante,</span> 
     </span>
     <span class='ocr_line' id='line_1_9' title="bbox 321 1764 2284 1865; baseline -0.002 -23"><span class='ocrx_word' id='word_1_59' title='bbox 321 1790 541 1865; x_wconf 83' lang='lat' dir='ltr'>quam</span> <span class='ocrx_word' id='word_1_60' title='bbox 575 1765 872 1865; x_wconf 79' lang='lat' dir='ltr'>Elatiae,</span> <span class='ocrx_word' id='word_1_61' title='bbox 925 1768 1016 1841; x_wconf 91' lang='lat' dir='ltr'>ab</span> <span class='ocrx_word' id='word_1_62' title='bbox 1051 1764 1268 1839; x_wconf 89' lang='lat' dir='ltr'>effuso</span> <span class='ocrx_word' id='word_1_63' title='bbox 1299 1764 1684 1841; x_wconf 89' lang='lat' dir='ltr'>constiterit</span> <span class='ocrx_word' id='word_1_64' title='bbox 1714 1764 1956 1841; x_wconf 82' lang='lat' dir='ltr'>cursu=</span> <span class='ocrx_word' id='word_1_65' title='bbox 1990 1764 2119 1840; x_wconf 89' lang='lat' dir='ltr'>ubi</span> <span class='ocrx_word' id='word_1_66' title='bbox 2144 1766 2284 1865; x_wconf 90' lang='lat' dir='ltr'>pri-</span> 
     </span>
     <span class='ocr_line' id='line_1_10' title="bbox 317 1884 2283 1986; baseline 0 -24"><span class='ocrx_word' id='word_1_67' title='bbox 317 1914 523 1962; x_wconf 89' lang='lat' dir='ltr'>mum</span> <span class='ocrx_word' id='word_1_68' title='bbox 557 1884 876 1986; x_wconf 86' lang='lat' dir='ltr'>reliquiis</span> <span class='ocrx_word' id='word_1_69' title='bbox 900 1910 1331 1984; x_wconf 86' lang='lat' dir='ltr'>pugnaeque</span> <span class='ocrx_word' id='word_1_70' title='bbox 1360 1890 1429 1960; x_wconf 74' lang='grc' dir='ltr'>ὅτ</span> <span class='ocrx_word' id='word_1_71' title='bbox 1458 1884 1668 1985; x_wconf 90' lang='lat' dir='ltr'>fugae</span> <span class='ocrx_word' id='word_1_72' title='bbox 1695 1884 2058 1973; x_wconf 72' lang='grc' dir='ltr'>σοιιὶεθείε,</span> <span class='ocrx_word' id='word_1_73' title='bbox 2112 1912 2283 1963; x_wconf 90' lang='lat' dir='ltr'>cum</span> 
     </span>
     <span class='ocr_line' id='line_1_11' title="bbox 311 2003 2279 2107; baseline 0.001 -25"><span class='ocrx_word' id='word_1_74' title='bbox 311 2006 700 2107; x_wconf 82' lang='lat' dir='ltr'>perexigua</span> <span class='ocrx_word' id='word_1_75' title='bbox 731 2030 948 2081; x_wconf 89' lang='lat' dir='ltr'>manu</span> <span class='ocrx_word' id='word_1_76' title='bbox 984 2003 1463 2083; x_wconf 84' lang='lat' dir='ltr'>semiermium</span> <span class='ocrx_word' id='word_1_77' title='bbox 1499 2004 1814 2081; x_wconf 88' lang='lat' dir='ltr'>militum</span> <span class='ocrx_word' id='word_1_78' title='bbox 1860 2006 2279 2083; x_wconf 89' lang='lat' dir='ltr'>Chalcidem</span> 
     </span>
     <span class='ocr_line' id='line_1_12' title="bbox 314 2125 2279 2226; baseline -0.001 -24"><span class='ocrx_word' id='word_1_79' title='bbox 314 2126 378 2203; x_wconf 92' lang='lat' dir='ltr'>se</span> <span class='ocrx_word' id='word_1_80' title='bbox 409 2126 695 2224; x_wconf 88' lang='lat' dir='ltr'>recepit.</span> <span class='ocrx_word' id='word_1_81' title='bbox 797 2126 1173 2201; x_wconf 86' lang='lat' dir='ltr'>Romanus</span> <span class='ocrx_word' id='word_1_82' title='bbox 1193 2125 1548 2224; x_wconf 86' lang='lat' dir='ltr'>equitatus</span> <span class='ocrx_word' id='word_1_83' title='bbox 1572 2126 1803 2226; x_wconf 90' lang='lat' dir='ltr'>ipsum</span> <span class='ocrx_word' id='word_1_84' title='bbox 1837 2127 2141 2225; x_wconf 90' lang='lat' dir='ltr'>quidem</span> <span class='ocrx_word' id='word_1_85' title='bbox 2174 2152 2279 2202; x_wconf 84' lang='lat' dir='ltr'>re·-</span> 
     </span>
     <span class='ocr_line' id='line_1_13' title="bbox 315 2245 2279 2348; baseline -0.002 -25"><span class='ocrx_word' id='word_1_86' title='bbox 315 2272 482 2348; x_wconf 87' lang='lat' dir='ltr'>gem</span> <span class='ocrx_word' id='word_1_87' title='bbox 517 2245 788 2321; x_wconf 87' lang='lat' dir='ltr'>Elatiae</span> <span class='ocrx_word' id='word_1_88' title='bbox 822 2245 1194 2321; x_wconf 82' lang='lat' dir='ltr'>adsecutus</span> <span class='ocrx_word' id='word_1_89' title='bbox 1235 2272 1384 2321; x_wconf 86' lang='lat' dir='ltr'>non</span> <span class='ocrx_word' id='word_1_90' title='bbox 1418 2246 1542 2335; x_wconf 91' lang='lat' dir='ltr'>est,</span> <span class='ocrx_word' id='word_1_91' title='bbox 1595 2248 1713 2321; x_wconf 91' lang='lat' dir='ltr'>sed</span> <span class='ocrx_word' id='word_1_92' title='bbox 1760 2272 2092 2345; x_wconf 88' lang='lat' dir='ltr'>magnam</span> <span class='ocrx_word' id='word_1_93' title='bbox 2126 2272 2279 2347; x_wconf 86' lang='lat' dir='ltr'>par-</span> 
     </span>
     <span class='ocr_line' id='line_1_14' title="bbox 311 2364 2302 2467; baseline -0.001 -25"><span class='ocrx_word' id='word_1_94' title='bbox 311 2390 457 2445; x_wconf 91' lang='lat' dir='ltr'>tem</span> <span class='ocrx_word' id='word_1_95' title='bbox 487 2366 818 2467; x_wconf 78' lang='lat' dir='ltr'>agminiS,</span> <span class='ocrx_word' id='word_1_96' title='bbox 869 2386 992 2440; x_wconf 86' lang='lat' dir='ltr'>aut</span> <span class='ocrx_word' id='word_1_97' title='bbox 1021 2365 1414 2441; x_wconf 84' lang='lat' dir='ltr'>lassitudine</span> <span class='ocrx_word' id='word_1_98' title='bbox 1449 2364 1895 2454; x_wconf 78' lang='lat' dir='ltr'>subsistentis,</span> <span class='ocrx_word' id='word_1_99' title='bbox 1942 2386 2065 2439; x_wconf 86' lang='lat' dir='ltr'>aut</span> <span class='ocrx_word' id='word_1_100' title='bbox 2093 2390 2302 2441; x_wconf 38' lang='lat' dir='ltr'>erro-⁴</span> 
     </span>
     <span class='ocr_line' id='line_1_15' title="bbox 318 2484 2277 2587; baseline -0.002 -24"><span class='ocrx_word' id='word_1_101' title='bbox 318 2514 418 2580; x_wconf 87' lang='lat' dir='ltr'>re,</span> <span class='ocrx_word' id='word_1_102' title='bbox 469 2508 556 2563; x_wconf 91' lang='lat' dir='ltr'>ut</span> <span class='ocrx_word' id='word_1_103' title='bbox 585 2484 714 2586; x_wconf 87' lang='lat' dir='ltr'>qui</span> <span class='ocrx_word' id='word_1_104' title='bbox 748 2489 887 2561; x_wconf 88' lang='lat' dir='ltr'>fine</span> <span class='ocrx_word' id='word_1_105' title='bbox 918 2486 1226 2561; x_wconf 91' lang='lat' dir='ltr'>ducibus</span> <span class='ocrx_word' id='word_1_106' title='bbox 1251 2512 1377 2587; x_wconf 90' lang='lat' dir='ltr'>per</span> <span class='ocrx_word' id='word_1_107' title='bbox 1395 2485 1639 2585; x_wconf 88' lang='lat' dir='ltr'>ignota</span> <span class='ocrx_word' id='word_1_108' title='bbox 1659 2484 1907 2561; x_wconf 86' lang='lat' dir='ltr'>itinera</span> <span class='ocrx_word' id='word_1_109' title='bbox 1924 2484 2277 2585; x_wconf 87' lang='lat' dir='ltr'>fugerent,</span> 
     </span>
     <span class='ocr_line' id='line_1_16' title="bbox 316 2605 2275 2707; baseline -0.002 -22"><span class='ocrx_word' id='word_1_110' title='bbox 316 2608 672 2707; x_wconf 73' lang='lat' dir='ltr'>difflpatos</span> <span class='ocrx_word' id='word_1_111' title='bbox 706 2608 1209 2705; x_wconf 76' lang='lat' dir='ltr'>obpresserunt.</span> <span class='ocrx_word' id='word_1_112' title='bbox 1309 2610 1471 2682; x_wconf 90' lang='lat' dir='ltr'>Nec</span> <span class='ocrx_word' id='word_1_113' title='bbox 1515 2626 1785 2707; x_wconf 87' lang='lat' dir='ltr'>praeter</span> <span class='ocrx_word' id='word_1_114' title='bbox 1818 2605 2275 2707; x_wconf 76' lang='lat' dir='ltr'>quingentos„</span> 
     </span>
     <span class='ocr_line' id='line_1_17' title="bbox 312 2724 2275 2829; baseline -0.003 -24"><span class='ocrx_word' id='word_1_115' title='bbox 312 2728 444 2829; x_wconf 91' lang='lat' dir='ltr'>qui</span> <span class='ocrx_word' id='word_1_116' title='bbox 501 2727 686 2802; x_wconf 85' lang='lat' dir='ltr'>circa</span> <span class='ocrx_word' id='word_1_117' title='bbox 736 2752 976 2826; x_wconf 85' lang='lat' dir='ltr'>regern</span> <span class='ocrx_word' id='word_1_118' title='bbox 1025 2724 1340 2816; x_wconf 89' lang='lat' dir='ltr'>fuerunt,</span> <span class='ocrx_word' id='word_1_119' title='bbox 1391 2754 1482 2802; x_wconf 85' lang='lat' dir='ltr'>ex</span> <span class='ocrx_word' id='word_1_120' title='bbox 1523 2749 1674 2802; x_wconf 91' lang='lat' dir='ltr'>toto</span> <span class='ocrx_word' id='word_1_121' title='bbox 1721 2726 2034 2803; x_wconf 86' lang='lat' dir='ltr'>exercitu</span> <span class='ocrx_word' id='word_1_122' title='bbox 2086 2724 2275 2827; x_wconf 85' lang='lat' dir='ltr'>quis-</span> 
     </span>
     <span class='ocr_line' id='line_1_18' title="bbox 309 2845 2267 2949; baseline -0.001 -26"><span class='ocrx_word' id='word_1_123' title='bbox 309 2874 530 2949; x_wconf 86' lang='lat' dir='ltr'>quam</span> <span class='ocrx_word' id='word_1_124' title='bbox 565 2845 848 2945; x_wconf 85' lang='lat' dir='ltr'>effugit=</span> <span class='ocrx_word' id='word_1_125' title='bbox 903 2846 1116 2921; x_wconf 88' lang='lat' dir='ltr'>etiam</span> <span class='ocrx_word' id='word_1_126' title='bbox 1161 2874 1251 2921; x_wconf 85' lang='lat' dir='ltr'>ex</span> <span class='ocrx_word' id='word_1_127' title='bbox 1284 2847 1536 2923; x_wconf 89' lang='lat' dir='ltr'>decem</span> <span class='ocrx_word' id='word_1_128' title='bbox 1570 2848 1887 2923; x_wconf 84' lang='lat' dir='ltr'>millibus</span> <span class='ocrx_word' id='word_1_129' title='bbox 1922 2846 2267 2937; x_wconf 87' lang='lat' dir='ltr'>militum,</span> 
     </span>
     <span class='ocr_line' id='line_1_19' title="bbox 304 2965 2272 3069; baseline -0.001 -26"><span class='ocrx_word' id='word_1_130' title='bbox 304 2994 515 3069; x_wconf 74' lang='lat' dir='ltr'>quoS,</span> <span class='ocrx_word' id='word_1_131' title='bbox 567 2966 871 3067; x_wconf 85' lang='lat' dir='ltr'>Polybio</span> <span class='ocrx_word' id='word_1_132' title='bbox 895 2970 1207 3055; x_wconf 63' lang='lat' dir='ltr'>auctore,</span> <span class='ocrx_word' id='word_1_133' title='bbox 1260 2967 1591 3064; x_wconf 81' lang='lat' dir='ltr'>trajeciffe</span> <span class='ocrx_word' id='word_1_134' title='bbox 1625 2967 1863 3042; x_wconf 90' lang='lat' dir='ltr'>secum</span> <span class='ocrx_word' id='word_1_135' title='bbox 1906 2992 2146 3066; x_wconf 89' lang='lat' dir='ltr'>regem</span> <span class='ocrx_word' id='word_1_136' title='bbox 2195 2965 2272 3041; x_wconf 90' lang='lat' dir='ltr'>in</span> 
     </span>
     <span class='ocr_line' id='line_1_20' title="bbox 305 3084 2274 3187; baseline -0.003 -22"><span class='ocrx_word' id='word_1_137' title='bbox 305 3088 682 3165; x_wconf 86' lang='lat' dir='ltr'>Graeciam</span> <span class='ocrx_word' id='word_1_138' title='bbox 739 3086 1154 3187; x_wconf 88' lang='lat' dir='ltr'>scripfimus,</span> <span class='ocrx_word' id='word_1_139' title='bbox 1191 3086 1494 3187; x_wconf 87' lang='lat' dir='ltr'>exiguus</span> <span class='ocrx_word' id='word_1_140' title='bbox 1526 3112 1888 3161; x_wconf 78' lang='lat' dir='ltr'>numerus·</span> <span class='ocrx_word' id='word_1_141' title='bbox 1988 3084 2197 3187; x_wconf 83' lang='lat' dir='ltr'>Qid</span> <span class='ocrx_word' id='word_1_142' title='bbox 2225 3086 2274 3159; x_wconf 84' lang='lat' dir='ltr'>fi</span> 
     </span>
     <span class='ocr_line' id='line_1_21' title="bbox 306 3204 2271 3307; baseline -0.004 -22"><span class='ocrx_word' id='word_1_143' title='bbox 306 3207 586 3285; x_wconf 87' lang='lat' dir='ltr'>Antiati</span> <span class='ocrx_word' id='word_1_144' title='bbox 645 3207 930 3283; x_wconf 88' lang='lat' dir='ltr'>Valerio</span> <span class='ocrx_word' id='word_1_145' title='bbox 974 3209 1371 3295; x_wconf 77' lang='lat' dir='ltr'>credamuS,</span> <span class='ocrx_word' id='word_1_146' title='bbox 1422 3206 1779 3307; x_wconf 82' lang='lat' dir='ltr'>sexaginta</span> <span class='ocrx_word' id='word_1_147' title='bbox 1830 3205 2053 3283; x_wconf 87' lang='lat' dir='ltr'>millia</span> <span class='ocrx_word' id='word_1_148' title='bbox 2082 3204 2271 3280; x_wconf 85' lang='lat' dir='ltr'>mili-</span> 
     </span>
     <span class='ocr_line' id='line_1_22' title="bbox 303 3325 2272 3429; baseline -0.003 -24"><span class='ocrx_word' id='word_1_149' title='bbox 303 3350 462 3405; x_wconf 92' lang='lat' dir='ltr'>tum</span> <span class='ocrx_word' id='word_1_150' title='bbox 489 3327 690 3404; x_wconf 83' lang='lat' dir='ltr'>fuiffe</span> <span class='ocrx_word' id='word_1_151' title='bbox 723 3327 800 3403; x_wconf 90' lang='lat' dir='ltr'>in</span> <span class='ocrx_word' id='word_1_152' title='bbox 833 3327 1031 3429; x_wconf 89' lang='lat' dir='ltr'>regio</span> <span class='ocrx_word' id='word_1_153' title='bbox 1058 3328 1372 3405; x_wconf 84' lang='lat' dir='ltr'>exercitu</span> <span class='ocrx_word' id='word_1_154' title='bbox 1395 3325 1753 3415; x_wconf 87' lang='lat' dir='ltr'>scribenti,</span> <span class='ocrx_word' id='word_1_155' title='bbox 1804 3326 2272 3426; x_wconf 82' lang='lat' dir='ltr'>quadraginta</span> 
     </span>
     <span class='ocr_line' id='line_1_23' title="bbox 301 3446 2273 3549; baseline -0.003 -24"><span class='ocrx_word' id='word_1_156' title='bbox 301 3448 474 3525; x_wconf 88' lang='lat' dir='ltr'>inde</span> <span class='ocrx_word' id='word_1_157' title='bbox 506 3448 732 3525; x_wconf 88' lang='lat' dir='ltr'>millia</span> <span class='ocrx_word' id='word_1_158' title='bbox 764 3449 1120 3540; x_wconf 85' lang='lat' dir='ltr'>cecidiffe,</span> <span class='ocrx_word' id='word_1_159' title='bbox 1171 3448 1380 3549; x_wconf 87' lang='lat' dir='ltr'>supra</span> <span class='ocrx_word' id='word_1_160' title='bbox 1411 3448 1739 3549; x_wconf 89' lang='lat' dir='ltr'>quinque</span> <span class='ocrx_word' id='word_1_161' title='bbox 1786 3446 2011 3523; x_wconf 88' lang='lat' dir='ltr'>millia</span> <span class='ocrx_word' id='word_1_162' title='bbox 2068 3464 2273 3545; x_wconf 85' lang='lat' dir='ltr'>capta</span> 
     </span>
     <span class='ocr_line' id='line_1_24' title="bbox 299 3568 2267 3669; baseline -0.003 -24"><span class='ocrx_word' id='word_1_163' title='bbox 299 3596 474 3647; x_wconf 88' lang='lat' dir='ltr'>cum</span> <span class='ocrx_word' id='word_1_164' title='bbox 507 3570 715 3669; x_wconf 82' lang='lat' dir='ltr'>signis</span> <span class='ocrx_word' id='word_1_165' title='bbox 736 3570 1159 3646; x_wconf 89' lang='lat' dir='ltr'>militaribus</span> <span class='ocrx_word' id='word_1_166' title='bbox 1179 3569 1507 3646; x_wconf 90' lang='lat' dir='ltr'>ducentis</span> <span class='ocrx_word' id='word_1_167' title='bbox 1527 3568 1859 3669; x_wconf 89' lang='lat' dir='ltr'>triginta?</span> <span class='ocrx_word' id='word_1_168' title='bbox 1896 3568 2267 3641; x_wconf 86' lang='lat' dir='ltr'>Romano·</span> 
     </span>
     <span class='ocr_line' id='line_1_25' title="bbox 299 3685 2263 3790; baseline -0.002 -25"><span class='ocrx_word' id='word_1_169' title='bbox 299 3715 464 3765; x_wconf 89' lang='lat' dir='ltr'>rum</span> <span class='ocrx_word' id='word_1_170' title='bbox 499 3708 793 3766; x_wconf 88' lang='lat' dir='ltr'>centum</span> <span class='ocrx_word' id='word_1_171' title='bbox 826 3690 1352 3790; x_wconf 84' lang='lat' dir='ltr'>quinquaginta</span> <span class='ocrx_word' id='word_1_172' title='bbox 1383 3690 1460 3765; x_wconf 88' lang='lat' dir='ltr'>in</span> <span class='ocrx_word' id='word_1_173' title='bbox 1487 3687 1638 3788; x_wconf 87' lang='lat' dir='ltr'>ipso</span> <span class='ocrx_word' id='word_1_174' title='bbox 1665 3685 2047 3763; x_wconf 88' lang='lat' dir='ltr'>certamine</span> <span class='ocrx_word' id='word_1_175' title='bbox 2078 3712 2263 3785; x_wconf 85' lang='lat' dir='ltr'>pug-</span> 
     </span>
     <span class='ocr_line' id='line_1_26' title="bbox 299 3808 2265 3906; baseline -0.002 -19"><span class='ocrx_word' id='word_1_176' title='bbox 299 3836 457 3899; x_wconf 86' lang='lat' dir='ltr'>nae,</span> <span class='ocrx_word' id='word_1_177' title='bbox 507 3814 599 3887; x_wconf 87' lang='lat' dir='ltr'>ab</span> <span class='ocrx_word' id='word_1_178' title='bbox 640 3809 923 3887; x_wconf 89' lang='lat' dir='ltr'>incursu</span> <span class='ocrx_word' id='word_1_179' title='bbox 959 3811 1386 3885; x_wconf 89' lang='lat' dir='ltr'>Aetolorum</span> <span class='ocrx_word' id='word_1_180' title='bbox 1447 3808 1512 3883; x_wconf 91' lang='lat' dir='ltr'>se</span> <span class='ocrx_word' id='word_1_181' title='bbox 1568 3829 1843 3885; x_wconf 82' lang='lat' dir='ltr'>tuentes</span> <span class='ocrx_word' id='word_1_182' title='bbox 1904 3832 2054 3881; x_wconf 90' lang='lat' dir='ltr'>non</span> <span class='ocrx_word' id='word_1_183' title='bbox 2104 3809 2265 3906; x_wconf 78' lang='lat' dir='ltr'>plus</span> 
     </span>
     <span class='ocr_line' id='line_1_27' title="bbox 299 3926 1422 4032; baseline -0.004 -24"><span class='ocrx_word' id='word_1_184' title='bbox 299 3930 824 4032; x_wconf 88' lang='lat' dir='ltr'>quinquaginta</span> <span class='ocrx_word' id='word_1_185' title='bbox 855 3928 1206 4005; x_wconf 67' lang='lat' dir='ltr'>interfecti</span> <span class='ocrx_word' id='word_1_186' title='bbox 1240 3926 1422 4003; x_wconf 88' lang='lat' dir='ltr'>sunt.</span> 
     </span>
    </p>

    <p class='ocr_par' dir='ltr' id='par_1_3' title="bbox 297 4046 2260 4259">
     <span class='ocr_line' id='line_1_28' title="bbox 397 4046 2260 4149; baseline -0.003 -22"><span class='ocrx_word' id='word_1_187' title='bbox 397 4052 572 4128; x_wconf 87' lang='lat' dir='ltr'>XX.</span> <span class='ocrx_word' id='word_1_188' title='bbox 673 4048 978 4127; x_wconf 89' lang='lat' dir='ltr'>Consule</span> <span class='ocrx_word' id='word_1_189' title='bbox 1005 4076 1130 4149; x_wconf 90' lang='lat' dir='ltr'>per</span> <span class='ocrx_word' id='word_1_190' title='bbox 1150 4047 1545 4123; x_wconf 88' lang='lat' dir='ltr'>Phocidem</span> <span class='ocrx_word' id='word_1_191' title='bbox 1576 4050 1645 4123; x_wconf 74' lang='grc' dir='ltr'>δι</span> <span class='ocrx_word' id='word_1_192' title='bbox 1666 4046 2032 4123; x_wconf 90' lang='lat' dir='ltr'>Boeotiam</span> <span class='ocrx_word' id='word_1_193' title='bbox 2066 4072 2260 4121; x_wconf 88' lang='lat' dir='ltr'>exer-</span> 
     </span>
     <span class='ocr_line' id='line_1_29' title="bbox 297 4166 2259 4259; baseline -0.005 -9"><span class='ocrx_word' id='word_1_194' title='bbox 297 4170 528 4251; x_wconf 87' lang='lat' dir='ltr'>citum</span> <span class='ocrx_word' id='word_1_195' title='bbox 560 4172 898 4259; x_wconf 83' lang='lat' dir='ltr'>ducente,</span> <span class='ocrx_word' id='word_1_196' title='bbox 935 4166 1253 4249; x_wconf 89' lang='lat' dir='ltr'>consciae</span> <span class='ocrx_word' id='word_1_197' title='bbox 1285 4166 1706 4247; x_wconf 68' lang='lat' dir='ltr'>defectionis</span> <span class='ocrx_word' id='word_1_198' title='bbox 1740 4166 2056 4245; x_wconf 81' lang='lat' dir='ltr'>civitates</span> <span class='ocrx_word' id='word_1_199' title='bbox 2088 4192 2259 4245; x_wconf 86' lang='lat' dir='ltr'>cum</span> 
     </span>
    </p>
   </div>
   <div class='ocr_carea' id='block_1_3' title="bbox 1242 4312 1318 4389">
    <p class='ocr_par' dir='ltr' id='par_1_4' title="bbox 1242 4312 1318 4389">
     <span class='ocr_line' id='line_1_30' title="bbox 1242 4312 1318 4389; baseline 0 -2"><span class='ocrx_word' id='word_1_200' title='bbox 1242 4312 1318 4389; x_wconf 92' lang='lat' dir='ltr'>D</span> 
     </span>
    </p>
   </div>
   <div class='ocr_carea' id='block_1_4' title="bbox 3080 660 3087 1337">
    <p class='ocr_par' dir='ltr' id='par_1_5' title="bbox 3080 660 3087 1337">
     <span class='ocr_line' id='line_1_31' title="bbox 3080 660 3087 1337; baseline 0 0"><span class='ocrx_word' id='word_1_201' title='bbox 3080 660 3087 1337; x_wconf 95' lang='lat' dir='ltr'> </span> 
     </span>
    </p>
   </div>
  </div>
 </body>
</html>
