<?xml version="1.0" encoding="UTF-8"?>
<!DOCTYPE html PUBLIC "-//W3C//DTD XHTML 1.0 Transitional//EN"
    "http://www.w3.org/TR/xhtml1/DTD/xhtml1-transitional.dtd">
<html xmlns="http://www.w3.org/1999/xhtml" xml:lang="en" lang="en">
 <head>
  <title>
</title>
<meta http-equiv="Content-Type" content="text/html;charset=utf-8" />
  <meta name='ocr-system' content='tesseract 3.04.00' />
  <meta name='ocr-capabilities' content='ocr_page ocr_carea ocr_par ocr_line ocrx_word'/>
</head>
<body>
  <div class='ocr_page' id='page_1' title='image "./tliviipatavinih01homegoog_0368.png"; bbox 0 0 3100 5359; ppageno 0'>
   <div class='ocr_carea' id='block_1_1' title="bbox 739 681 1987 778">
    <p class='ocr_par' dir='ltr' id='par_1_1' title="bbox 739 681 1987 778">
     <span class='ocr_line' id='line_1_1' title="bbox 739 681 1987 778; baseline 0.003 -26"><span class='ocrx_word' id='word_1_1' title='bbox 739 681 884 778; x_wconf 81' lang='lat'>360</span> <span class='ocrx_word' id='word_1_2' title='bbox 1357 681 1987 756; x_wconf 79' lang='lat' dir='ltr'>T.L1vrr</span> 
     </span>
    </p>
   </div>
   <div class='ocr_carea' id='block_1_2' title="bbox 731 849 2763 4194">
    <p class='ocr_par' dir='ltr' id='par_1_2' title="bbox 733 849 2717 2022">
     <span class='ocr_line' id='line_1_2' title="bbox 741 849 2717 954; baseline 0.002 -28"><span class='ocrx_word' id='word_1_3' title='bbox 741 861 792 896; x_wconf 77' lang='lat'>‘⁸</span> <span class='ocrx_word' id='word_1_4' title='bbox 829 873 1054 928; x_wconf 88' lang='lat' dir='ltr'>morte</span> <span class='ocrx_word' id='word_1_5' title='bbox 1087 849 1366 934; x_wconf 68' lang='lat' dir='ltr'>faciam.</span> <span class='ocrx_word' id='word_1_6' title='bbox 1465 855 1625 930; x_wconf 87' lang='lat' dir='ltr'>Nec</span> <span class='ocrx_word' id='word_1_7' title='bbox 1659 852 1966 943; x_wconf 72' lang='lat' dir='ltr'>fratrem,</span> <span class='ocrx_word' id='word_1_8' title='bbox 2018 879 2151 930; x_wconf 89' lang='lat' dir='ltr'>nec</span> <span class='ocrx_word' id='word_1_9' title='bbox 2175 873 2455 954; x_wconf 75' lang='lat' dir='ltr'>patrem</span> <span class='ocrx_word' id='word_1_10' title='bbox 2489 849 2717 954; x_wconf 76' lang='lat' dir='ltr'>potes-</span> 
     </span>
     <span class='ocr_line' id='line_1_3' title="bbox 739 969 2717 1072; baseline 0.001 -26"><span class='ocrx_word' id='word_1_11' title='bbox 739 981 794 1014; x_wconf 87' lang='lat'><strong>“</strong></span> <span class='ocrx_word' id='word_1_12' title='bbox 829 969 918 1046; x_wconf 85' lang='lat' dir='ltr'>tis</span> <span class='ocrx_word' id='word_1_13' title='bbox 945 971 1112 1072; x_wconf 81' lang='lat' dir='ltr'>pati.</span> <span class='ocrx_word' id='word_1_14' title='bbox 1211 971 1419 1048; x_wconf 89' lang='lat' dir='ltr'>Nihil</span> <span class='ocrx_word' id='word_1_15' title='bbox 1443 972 1616 1062; x_wconf 83' lang='lat' dir='ltr'>cari,</span> <span class='ocrx_word' id='word_1_16' title='bbox 1648 973 1829 1048; x_wconf 83' lang='lat' dir='ltr'><strong>nihil</strong></span> <span class='ocrx_word' id='word_1_17' title='bbox 1852 973 2065 1050; x_wconf 66' lang='lat' dir='ltr'>sancti</span> <span class='ocrx_word' id='word_1_18' title='bbox 2090 973 2223 1050; x_wconf 71' lang='lat' dir='ltr'>estz</span> <span class='ocrx_word' id='word_1_19' title='bbox 2260 973 2337 1048; x_wconf 88' lang='lat' dir='ltr'>in</span> <span class='ocrx_word' id='word_1_20' title='bbox 2372 973 2717 1050; x_wconf 85' lang='lat' dir='ltr'>omnium</span> 
     </span>
     <span class='ocr_line' id='line_1_4' title="bbox 741 1090 2713 1192; baseline 0.001 -26"><span class='ocrx_word' id='word_1_21' title='bbox 741 1100 795 1136; x_wconf 78' lang='lat'>‘⁶</span> <span class='ocrx_word' id='word_1_22' title='bbox 830 1091 1064 1168; x_wconf 85' lang='lat' dir='ltr'>vicem</span> <span class='ocrx_word' id='word_1_23' title='bbox 1119 1090 1318 1192; x_wconf 86' lang='lat' dir='ltr'>regni</span> <span class='ocrx_word' id='word_1_24' title='bbox 1370 1090 1585 1168; x_wconf 86' lang='lat' dir='ltr'>unius</span> <span class='ocrx_word' id='word_1_25' title='bbox 1636 1090 2043 1170; x_wconf 77' lang='lat' dir='ltr'>insatiabilis</span> <span class='ocrx_word' id='word_1_26' title='bbox 2102 1119 2300 1170; x_wconf 74' lang='lat' dir='ltr'>amor</span> <span class='ocrx_word' id='word_1_27' title='bbox 2366 1093 2713 1168; x_wconf 83' lang='lat' dir='ltr'>succeffit.</span> 
     </span>
     <span class='ocr_line' id='line_1_5' title="bbox 743 1211 2715 1312; baseline -0.001 -24"><span class='ocrx_word' id='word_1_28' title='bbox 743 1222 792 1255; x_wconf 90' lang='lat'><strong>“</strong></span> <span class='ocrx_word' id='word_1_29' title='bbox 831 1211 1079 1312; x_wconf 83' lang='lat' dir='ltr'>Agite,</span> <span class='ocrx_word' id='word_1_30' title='bbox 1145 1211 1607 1290; x_wconf 79' lang='lat' dir='ltr'>conscelerate</span> <span class='ocrx_word' id='word_1_31' title='bbox 1658 1237 1857 1292; x_wconf 78' lang='lat' dir='ltr'>aures</span> <span class='ocrx_word' id='word_1_32' title='bbox 1914 1233 2273 1312; x_wconf 74' lang='lat' dir='ltr'>pateruasa</span> <span class='ocrx_word' id='word_1_33' title='bbox 2344 1211 2715 1290; x_wconf 78' lang='lat' dir='ltr'>decernite</span> 
     </span>
     <span class='ocr_line' id='line_1_6' title="bbox 741 1330 2711 1432; baseline 0.004 -26"><span class='ocrx_word' id='word_1_34' title='bbox 741 1341 794 1377; x_wconf 79' lang='lat'>‘⁶</span> <span class='ocrx_word' id='word_1_35' title='bbox 829 1330 1278 1422; x_wconf 83' lang='lat' dir='ltr'>criminibus,</span> <span class='ocrx_word' id='word_1_36' title='bbox 1327 1359 1502 1410; x_wconf 81' lang='lat' dir='ltr'>mox</span> <span class='ocrx_word' id='word_1_37' title='bbox 1535 1331 1719 1408; x_wconf 86' lang='lat' dir='ltr'>ferro</span> <span class='ocrx_word' id='word_1_38' title='bbox 1749 1333 2099 1410; x_wconf 82' lang='lat' dir='ltr'>decreturi</span> <span class='ocrx_word' id='word_1_39' title='bbox 2120 1365 2141 1408; x_wconf 73' lang='grc' dir='ltr'>ι</span> <span class='ocrx_word' id='word_1_40' title='bbox 2192 1331 2417 1410; x_wconf 91' lang='lat' dir='ltr'>dicite</span> <span class='ocrx_word' id='word_1_41' title='bbox 2450 1333 2711 1432; x_wconf 69' lang='lat' dir='ltr'>palam,</span> 
     </span>
     <span class='ocr_line' id='line_1_7' title="bbox 739 1451 2711 1554; baseline 0 -26"><span class='ocrx_word' id='word_1_42' title='bbox 739 1461 792 1496; x_wconf 86' lang='lat'><strong>“</strong></span> <span class='ocrx_word' id='word_1_43' title='bbox 829 1451 1196 1552; x_wconf 88' lang='lat' dir='ltr'>quidquid</span> <span class='ocrx_word' id='word_1_44' title='bbox 1219 1475 1342 1528; x_wconf 75' lang='lat' dir='ltr'>aut</span> <span class='ocrx_word' id='word_1_45' title='bbox 1365 1452 1512 1530; x_wconf 82' lang='lat' dir='ltr'>veri</span> <span class='ocrx_word' id='word_1_46' title='bbox 1537 1453 1850 1554; x_wconf 85' lang='lat' dir='ltr'>potestis,</span> <span class='ocrx_word' id='word_1_47' title='bbox 1881 1475 2005 1532; x_wconf 83' lang='lat' dir='ltr'>aut</span> <span class='ocrx_word' id='word_1_48' title='bbox 2028 1452 2487 1530; x_wconf 85' lang='lat' dir='ltr'>comminisci</span> <span class='ocrx_word' id='word_1_49' title='bbox 2512 1451 2711 1528; x_wconf 81' lang='lat' dir='ltr'>libet.</span> 
     </span>
     <span class='ocr_line' id='line_1_8' title="bbox 739 1569 2709 1674; baseline -0.001 -26"><span class='ocrx_word' id='word_1_50' title='bbox 739 1581 792 1616; x_wconf 88' lang='lat'><strong><em>“</em></strong></span> <span class='ocrx_word' id='word_1_51' title='bbox 829 1569 1198 1648; x_wconf 76' lang='lat' dir='ltr'>Reseratae</span> <span class='ocrx_word' id='word_1_52' title='bbox 1227 1597 1428 1648; x_wconf 79' lang='lat' dir='ltr'>aures</span> <span class='ocrx_word' id='word_1_53' title='bbox 1458 1571 1647 1662; x_wconf 90' lang='lat' dir='ltr'>sunt,</span> <span class='ocrx_word' id='word_1_54' title='bbox 1698 1599 1887 1672; x_wconf 77' lang='lat' dir='ltr'>quae</span> <span class='ocrx_word' id='word_1_55' title='bbox 1910 1573 2197 1674; x_wconf 66' lang='lat' dir='ltr'>posthac</span> <span class='ocrx_word' id='word_1_56' title='bbox 2230 1571 2519 1650; x_wconf 77' lang='lat' dir='ltr'>secretis</span> <span class='ocrx_word' id='word_1_57' title='bbox 2542 1573 2709 1650; x_wconf 80' lang='lat' dir='ltr'>alte-</span> 
     </span>
     <span class='ocr_line' id='line_1_9' title="bbox 739 1689 2703 1782; baseline 0.001 -16"><span class='ocrx_word' id='word_1_58' title='bbox 739 1701 792 1750; x_wconf 80' lang='lat'><strong>“</strong></span> <span class='ocrx_word' id='word_1_59' title='bbox 827 1689 974 1770; x_wconf 77' lang='lat' dir='ltr'>rius</span> <span class='ocrx_word' id='word_1_60' title='bbox 1021 1695 1114 1768; x_wconf 84' lang='lat' dir='ltr'>ab</span> <span class='ocrx_word' id='word_1_61' title='bbox 1152 1694 1368 1770; x_wconf 88' lang='lat' dir='ltr'>altero</span> <span class='ocrx_word' id='word_1_62' title='bbox 1411 1693 1833 1770; x_wconf 83' lang='lat' dir='ltr'>criminibus</span> <span class='ocrx_word' id='word_1_63' title='bbox 1874 1695 2363 1770; x_wconf 55' lang='lat' dir='ltr'>claudentur?</span> <span class='ocrx_word' id='word_1_64' title='bbox 2470 1695 2703 1782; x_wconf 82' lang='lat' dir='ltr'>Haec,</span> 
     </span>
     <span class='ocr_line' id='line_1_10' title="bbox 733 1811 2706 1912; baseline -0.002 -21"><span class='ocrx_word' id='word_1_65' title='bbox 733 1811 974 1892; x_wconf 80' lang='lat' dir='ltr'>furens</span> <span class='ocrx_word' id='word_1_66' title='bbox 1005 1811 1132 1901; x_wconf 87' lang='lat' dir='ltr'>ira,</span> <span class='ocrx_word' id='word_1_67' title='bbox 1166 1837 1398 1912; x_wconf 87' lang='lat' dir='ltr'>quum</span> <span class='ocrx_word' id='word_1_68' title='bbox 1429 1812 1737 1903; x_wconf 78' lang='lat' dir='ltr'>dixisset,</span> <span class='ocrx_word' id='word_1_69' title='bbox 1770 1811 2097 1891; x_wconf 73' lang='lat' dir='ltr'>lacrimae</span> <span class='ocrx_word' id='word_1_70' title='bbox 2123 1813 2471 1892; x_wconf 81' lang='lat' dir='ltr'>omnibus</span> <span class='ocrx_word' id='word_1_71' title='bbox 2501 1815 2706 1890; x_wconf 85' lang='lat' dir='ltr'>obor-</span> 
     </span>
     <span class='ocr_line' id='line_1_11' title="bbox 737 1932 2186 2022; baseline 0.001 -14"><span class='ocrx_word' id='word_1_72' title='bbox 737 1951 874 2022; x_wconf 79' lang='lat' dir='ltr'>tae,</span> <span class='ocrx_word' id='word_1_73' title='bbox 927 1937 996 2008; x_wconf 69' lang='lat' dir='ltr'>a:</span> <span class='ocrx_word' id='word_1_74' title='bbox 1023 1932 1150 2012; x_wconf 85' lang='lat' dir='ltr'>diu</span> <span class='ocrx_word' id='word_1_75' title='bbox 1181 1933 1530 2010; x_wconf 84' lang='lat' dir='ltr'>moestum</span> <span class='ocrx_word' id='word_1_76' title='bbox 1549 1933 1901 2010; x_wconf 68' lang='lat' dir='ltr'>silentium</span> <span class='ocrx_word' id='word_1_77' title='bbox 1932 1933 2186 2010; x_wconf 83' lang='lat' dir='ltr'>tenuit.</span> 
     </span>
    </p>

    <p class='ocr_par' dir='ltr' id='par_1_3' title="bbox 731 2051 2763 4194">
     <span class='ocr_line' id='line_1_12' title="bbox 834 2051 2707 2154; baseline 0 -27"><span class='ocrx_word' id='word_1_78' title='bbox 834 2053 972 2132; x_wconf 80' lang='lat' dir='ltr'>lx.</span> <span class='ocrx_word' id='word_1_79' title='bbox 1019 2053 1224 2129; x_wconf 88' lang='lat' dir='ltr'>Tum</span> <span class='ocrx_word' id='word_1_80' title='bbox 1250 2051 1571 2128; x_wconf 73' lang='lat' dir='ltr'>Perseusz</span> <span class='ocrx_word' id='word_1_81' title='bbox 1606 2062 1655 2097; x_wconf 89' lang='lat'>“</span> <span class='ocrx_word' id='word_1_82' title='bbox 1693 2051 2101 2154; x_wconf 77' lang='lat' dir='ltr'>Aperienda</span> <span class='ocrx_word' id='word_1_83' title='bbox 2120 2053 2473 2132; x_wconf 86' lang='lat' dir='ltr'>nimirum</span> <span class='ocrx_word' id='word_1_84' title='bbox 2502 2053 2707 2130; x_wconf 60' lang='lat' dir='ltr'>noae</span> 
     </span>
     <span class='ocr_line' id='line_1_13' title="bbox 739 2171 2698 2276; baseline -0.002 -28"><span class='ocrx_word' id='word_1_85' title='bbox 739 2171 1034 2270; x_wconf 80' lang='lat' dir='ltr'>“janua</span> <span class='ocrx_word' id='word_1_86' title='bbox 1083 2171 1248 2261; x_wconf 84' lang='lat' dir='ltr'>fuit,</span> <span class='ocrx_word' id='word_1_87' title='bbox 1299 2177 1370 2248; x_wconf 67' lang='lat' dir='ltr'>ac</span> <span class='ocrx_word' id='word_1_88' title='bbox 1428 2171 1679 2252; x_wconf 82' lang='lat' dir='ltr'>armati</span> <span class='ocrx_word' id='word_1_89' title='bbox 1736 2171 2207 2258; x_wconf 66' lang='lat' dir='ltr'>comiffittores</span> <span class='ocrx_word' id='word_1_90' title='bbox 2266 2171 2698 2276; x_wconf 75' lang='lat' dir='ltr'>accipiendi,</span> 
     </span>
     <span class='ocr_line' id='line_1_14' title="bbox 737 2291 2699 2404; baseline -0.001 -36"><span class='ocrx_word' id='word_1_91' title='bbox 737 2303 790 2340; x_wconf 85' lang='lat'><strong>“</strong></span> <span class='ocrx_word' id='word_1_92' title='bbox 827 2294 1456 2392; x_wconf 82' lang='lat' dir='ltr'>praebendumque</span> <span class='ocrx_word' id='word_1_93' title='bbox 1519 2291 1703 2368; x_wconf 88' lang='lat' dir='ltr'>ferro</span> <span class='ocrx_word' id='word_1_94' title='bbox 1752 2295 2123 2404; x_wconf 76' lang='lat' dir='ltr'>jugulum,</span> <span class='ocrx_word' id='word_1_95' title='bbox 2204 2296 2507 2394; x_wconf 82' lang='lat' dir='ltr'>quando</span> <span class='ocrx_word' id='word_1_96' title='bbox 2560 2317 2699 2368; x_wconf 87' lang='lat' dir='ltr'>non</span> 
     </span>
     <span class='ocr_line' id='line_1_15' title="bbox 735 2411 2697 2512; baseline -0.001 -22"><span class='ocrx_word' id='word_1_97' title='bbox 735 2423 788 2465; x_wconf 77' lang='lat'>‘⁸</span> <span class='ocrx_word' id='word_1_98' title='bbox 825 2411 1162 2500; x_wconf 88' lang='lat' dir='ltr'>creditur,</span> <span class='ocrx_word' id='word_1_99' title='bbox 1211 2411 1336 2488; x_wconf 87' lang='lat' dir='ltr'>nifi</span> <span class='ocrx_word' id='word_1_100' title='bbox 1390 2423 1895 2512; x_wconf 77' lang='lat' dir='ltr'>perpetratum,</span> <span class='ocrx_word' id='word_1_101' title='bbox 1944 2411 2219 2490; x_wconf 81' lang='lat' dir='ltr'>facinus</span> <span class='ocrx_word' id='word_1_102' title='bbox 2240 2445 2265 2503; x_wconf 88' lang='lat'>;</span> <span class='ocrx_word' id='word_1_103' title='bbox 2316 2414 2397 2491; x_wconf 72' lang='grc' dir='ltr'>ὅτ</span> <span class='ocrx_word' id='word_1_104' title='bbox 2448 2415 2697 2494; x_wconf 75' lang='lat' dir='ltr'>eadem</span> 
     </span>
     <span class='ocr_line' id='line_1_16' title="bbox 736 2529 2693 2634; baseline -0.001 -26"><span class='ocrx_word' id='word_1_105' title='bbox 736 2543 790 2582; x_wconf 85' lang='lat'><strong>“</strong></span> <span class='ocrx_word' id='word_1_106' title='bbox 823 2531 1085 2634; x_wconf 88' lang='lat' dir='ltr'>petitus</span> <span class='ocrx_word' id='word_1_107' title='bbox 1104 2529 1368 2618; x_wconf 77' lang='lat' dir='ltr'>insidiis</span> <span class='ocrx_word' id='word_1_108' title='bbox 1385 2531 1632 2621; x_wconf 77' lang='lat' dir='ltr'>audio,</span> <span class='ocrx_word' id='word_1_109' title='bbox 1666 2557 1849 2631; x_wconf 75' lang='lat' dir='ltr'>quae</span> <span class='ocrx_word' id='word_1_110' title='bbox 1872 2535 2051 2608; x_wconf 80' lang='lat' dir='ltr'>latro</span> <span class='ocrx_word' id='word_1_111' title='bbox 2078 2556 2293 2634; x_wconf 78' lang='lat' dir='ltr'>atque</span> <span class='ocrx_word' id='word_1_112' title='bbox 2318 2534 2693 2612; x_wconf 75' lang='lat' dir='ltr'>insidiator.</span> 
     </span>
     <span class='ocr_line' id='line_1_17' title="bbox 737 2649 2693 2752; baseline 0.001 -26"><span class='ocrx_word' id='word_1_113' title='bbox 737 2663 790 2706; x_wconf 77' lang='lat'>‘⁸</span> <span class='ocrx_word' id='word_1_114' title='bbox 827 2655 999 2726; x_wconf 89' lang='lat' dir='ltr'>Non</span> <span class='ocrx_word' id='word_1_115' title='bbox 1041 2649 1536 2752; x_wconf 81' lang='lat' dir='ltr'>nequidquam</span> <span class='ocrx_word' id='word_1_116' title='bbox 1582 2651 1693 2750; x_wconf 78' lang='lat' dir='ltr'>isti</span> <span class='ocrx_word' id='word_1_117' title='bbox 1718 2677 1949 2730; x_wconf 89' lang='lat' dir='ltr'>unum</span> <span class='ocrx_word' id='word_1_118' title='bbox 1979 2653 2437 2730; x_wconf 84' lang='lat' dir='ltr'>Demetrium</span> <span class='ocrx_word' id='word_1_119' title='bbox 2466 2652 2693 2730; x_wconf 84' lang='lat' dir='ltr'>filium</span> 
     </span>
     <span class='ocr_line' id='line_1_18' title="bbox 735 2771 2691 2875; baseline 0.002 -30"><span class='ocrx_word' id='word_1_120' title='bbox 735 2781 788 2828; x_wconf 50' lang='grc' dir='ltr'>θ’</span> <span class='ocrx_word' id='word_1_121' title='bbox 823 2791 892 2846; x_wconf 90' lang='lat' dir='ltr'>te</span> <span class='ocrx_word' id='word_1_122' title='bbox 943 2771 1224 2860; x_wconf 80' lang='lat' dir='ltr'>hahere,</span> <span class='ocrx_word' id='word_1_123' title='bbox 1276 2797 1391 2847; x_wconf 87' lang='lat' dir='ltr'>me</span> <span class='ocrx_word' id='word_1_124' title='bbox 1432 2771 1801 2852; x_wconf 88' lang='lat' dir='ltr'>subditum</span> <span class='ocrx_word' id='word_1_125' title='bbox 1828 2777 1898 2852; x_wconf 73' lang='grc' dir='ltr'>δι</span> <span class='ocrx_word' id='word_1_126' title='bbox 1930 2773 2181 2872; x_wconf 83' lang='lat' dir='ltr'>pellice</span> <span class='ocrx_word' id='word_1_127' title='bbox 2214 2773 2547 2875; x_wconf 78' lang='lat' dir='ltr'>genitum</span> <span class='ocrx_word' id='word_1_128' title='bbox 2572 2772 2691 2848; x_wconf 79' lang='lat' dir='ltr'>ad-</span> 
     </span>
     <span class='ocr_line' id='line_1_19' title="bbox 735 2889 2689 2994; baseline 0.001 -29"><span class='ocrx_word' id='word_1_129' title='bbox 735 2903 788 2948; x_wconf 70' lang='lat'>⁴‘</span> <span class='ocrx_word' id='word_1_130' title='bbox 823 2893 1106 2992; x_wconf 78' lang='lat' dir='ltr'>pellant.</span> <span class='ocrx_word' id='word_1_131' title='bbox 1188 2891 1410 2980; x_wconf 82' lang='lat' dir='ltr'>Nam,</span> <span class='ocrx_word' id='word_1_132' title='bbox 1447 2893 1490 2966; x_wconf 83' lang='lat' dir='ltr'>fi</span> <span class='ocrx_word' id='word_1_133' title='bbox 1513 2893 1843 2990; x_wconf 76' lang='lat' dir='ltr'>gradum,</span> <span class='ocrx_word' id='word_1_134' title='bbox 1878 2895 1925 2974; x_wconf 82' lang='lat' dir='ltr'>fi</span> <span class='ocrx_word' id='word_1_135' title='bbox 1952 2891 2311 2970; x_wconf 75' lang='lat' dir='ltr'>caritatem</span> <span class='ocrx_word' id='word_1_136' title='bbox 2335 2895 2469 2970; x_wconf 86' lang='lat' dir='ltr'>filii</span> <span class='ocrx_word' id='word_1_137' title='bbox 2502 2889 2689 2994; x_wconf 81' lang='lat' dir='ltr'>apud</span> 
     </span>
     <span class='ocr_line' id='line_1_20' title="bbox 736 3009 2687 3112; baseline -0.001 -24"><span class='ocrx_word' id='word_1_138' title='bbox 736 3024 788 3069; x_wconf 70' lang='lat'>⁴⁸</span> <span class='ocrx_word' id='word_1_139' title='bbox 825 3034 894 3088; x_wconf 92' lang='lat' dir='ltr'>te</span> <span class='ocrx_word' id='word_1_140' title='bbox 919 3014 1279 3099; x_wconf 75' lang='lat' dir='ltr'>haberem,</span> <span class='ocrx_word' id='word_1_141' title='bbox 1321 3009 1573 3089; x_wconf 86' lang='lat' dir='ltr'>nonin</span> <span class='ocrx_word' id='word_1_142' title='bbox 1600 3037 1743 3100; x_wconf 85' lang='lat' dir='ltr'>me,</span> <span class='ocrx_word' id='word_1_143' title='bbox 1794 3033 2209 3110; x_wconf 82' lang='lat' dir='ltr'>querentem</span> <span class='ocrx_word' id='word_1_144' title='bbox 2233 3009 2687 3112; x_wconf 74' lang='lat' dir='ltr'>deprehensas</span> 
     </span>
     <span class='ocr_line' id='line_1_21' title="bbox 737 3128 2687 3230; baseline -0.001 -22"><span class='ocrx_word' id='word_1_145' title='bbox 737 3143 788 3178; x_wconf 75' lang='lat'>‘⁸</span> <span class='ocrx_word' id='word_1_146' title='bbox 825 3129 1128 3220; x_wconf 83' lang='lat' dir='ltr'>infidias,</span> <span class='ocrx_word' id='word_1_147' title='bbox 1179 3129 1296 3208; x_wconf 88' lang='lat' dir='ltr'>sed</span> <span class='ocrx_word' id='word_1_148' title='bbox 1325 3128 1402 3211; x_wconf 83' lang='lat' dir='ltr'>in</span> <span class='ocrx_word' id='word_1_149' title='bbox 1421 3157 1619 3218; x_wconf 78' lang='lat' dir='ltr'>eum,</span> <span class='ocrx_word' id='word_1_150' title='bbox 1672 3129 1800 3230; x_wconf 89' lang='lat' dir='ltr'>qui</span> <span class='ocrx_word' id='word_1_151' title='bbox 1834 3129 2124 3221; x_wconf 81' lang='lat' dir='ltr'>fecifl&#39;et,</span> <span class='ocrx_word' id='word_1_152' title='bbox 2174 3131 2499 3210; x_wconf 75' lang='lat' dir='ltr'>saevires:</span> <span class='ocrx_word' id='word_1_153' title='bbox 2558 3155 2687 3208; x_wconf 86' lang='lat' dir='ltr'>nec</span> 
     </span>
     <span class='ocr_line' id='line_1_22' title="bbox 735 3248 2683 3352; baseline -0.002 -24"><span class='ocrx_word' id='word_1_154' title='bbox 735 3263 788 3302; x_wconf 86' lang='lat'><strong>“</strong></span> <span class='ocrx_word' id='word_1_155' title='bbox 822 3253 1002 3328; x_wconf 81' lang='lat' dir='ltr'>adeo</span> <span class='ocrx_word' id='word_1_156' title='bbox 1035 3248 1168 3328; x_wconf 92' lang='lat' dir='ltr'>tibi</span> <span class='ocrx_word' id='word_1_157' title='bbox 1196 3249 1354 3328; x_wconf 82' lang='lat' dir='ltr'>vilis</span> <span class='ocrx_word' id='word_1_158' title='bbox 1379 3249 1524 3326; x_wconf 80' lang='lat' dir='ltr'>vita</span> <span class='ocrx_word' id='word_1_159' title='bbox 1547 3251 1715 3326; x_wconf 84' lang='lat' dir='ltr'>effet</span> <span class='ocrx_word' id='word_1_160' title='bbox 1740 3249 1995 3341; x_wconf 79' lang='lat' dir='ltr'>nostra,</span> <span class='ocrx_word' id='word_1_161' title='bbox 2044 3272 2127 3330; x_wconf 90' lang='lat' dir='ltr'>ut</span> <span class='ocrx_word' id='word_1_162' title='bbox 2160 3278 2291 3336; x_wconf 83' lang='lat' dir='ltr'>nec</span> <span class='ocrx_word' id='word_1_163' title='bbox 2318 3251 2683 3352; x_wconf 80' lang='lat' dir='ltr'>praeterito</span> 
     </span>
     <span class='ocr_line' id='line_1_23' title="bbox 732 3367 2683 3471; baseline 0 -25"><span class='ocrx_word' id='word_1_164' title='bbox 732 3381 790 3418; x_wconf 86' lang='lat'><strong>“</strong></span> <span class='ocrx_word' id='word_1_165' title='bbox 822 3370 1142 3470; x_wconf 86' lang='lat' dir='ltr'>periculo</span> <span class='ocrx_word' id='word_1_166' title='bbox 1159 3396 1324 3448; x_wconf 86' lang='lat' dir='ltr'>meo</span> <span class='ocrx_word' id='word_1_167' title='bbox 1355 3371 1758 3459; x_wconf 84' lang='lat' dir='ltr'>movereris,</span> <span class='ocrx_word' id='word_1_168' title='bbox 1810 3397 2043 3471; x_wconf 86' lang='lat' dir='ltr'>neque</span> <span class='ocrx_word' id='word_1_169' title='bbox 2076 3371 2345 3461; x_wconf 87' lang='lat' dir='ltr'>futuro,</span> <span class='ocrx_word' id='word_1_170' title='bbox 2374 3376 2424 3448; x_wconf 84' lang='lat' dir='ltr'><strong>fi</strong></span> <span class='ocrx_word' id='word_1_171' title='bbox 2446 3367 2683 3456; x_wconf 83' lang='lat' dir='ltr'>infidi·</span> 
     </span>
     <span class='ocr_line' id='line_1_24' title="bbox 734 3491 2681 3591; baseline 0 -25"><span class='ocrx_word' id='word_1_172' title='bbox 734 3501 786 3538; x_wconf 77' lang='lat'>‘⁸</span> <span class='ocrx_word' id='word_1_173' title='bbox 821 3491 1106 3568; x_wconf 75' lang='lat' dir='ltr'>antibus</span> <span class='ocrx_word' id='word_1_174' title='bbox 1159 3494 1238 3572; x_wconf 82' lang='lat' dir='ltr'>fit</span> <span class='ocrx_word' id='word_1_175' title='bbox 1291 3491 1587 3591; x_wconf 87' lang='lat' dir='ltr'>inpune.</span> <span class='ocrx_word' id='word_1_176' title='bbox 1682 3493 1958 3591; x_wconf 80' lang='lat' dir='ltr'>Itaque,</span> <span class='ocrx_word' id='word_1_177' title='bbox 2032 3495 2080 3568; x_wconf 84' lang='lat' dir='ltr'>fi</span> <span class='ocrx_word' id='word_1_178' title='bbox 2144 3491 2327 3570; x_wconf 81' lang='lat' dir='ltr'>mori</span> <span class='ocrx_word' id='word_1_179' title='bbox 2392 3493 2681 3572; x_wconf 76' lang='lat' dir='ltr'>tacitum</span> 
     </span>
     <span class='ocr_line' id='line_1_25' title="bbox 734 3609 2681 3712; baseline -0.001 -25"><span class='ocrx_word' id='word_1_180' title='bbox 734 3621 788 3660; x_wconf 85' lang='lat'><strong><em>“</em></strong></span> <span class='ocrx_word' id='word_1_181' title='bbox 821 3631 1124 3712; x_wconf 88' lang='lat' dir='ltr'>oportet,</span> <span class='ocrx_word' id='word_1_182' title='bbox 1172 3631 1552 3700; x_wconf 73' lang='lat' dir='ltr'>taceamus,</span> <span class='ocrx_word' id='word_1_183' title='bbox 1602 3609 1863 3710; x_wconf 82' lang='lat' dir='ltr'>precati</span> <span class='ocrx_word' id='word_1_184' title='bbox 1922 3631 2201 3694; x_wconf 76' lang='lat' dir='ltr'>tantum</span> <span class='ocrx_word' id='word_1_185' title='bbox 2250 3613 2475 3701; x_wconf 75' lang='lat' dir='ltr'>Deos,</span> <span class='ocrx_word' id='word_1_186' title='bbox 2526 3631 2605 3688; x_wconf 89' lang='lat' dir='ltr'>ut</span> <span class='ocrx_word' id='word_1_187' title='bbox 2640 3635 2681 3684; x_wconf 75' lang='lat' dir='ltr'>a</span> 
     </span>
     <span class='ocr_line' id='line_1_26' title="bbox 733 3727 2763 3832; baseline -0.001 -26"><span class='ocrx_word' id='word_1_188' title='bbox 733 3741 786 3777; x_wconf 77' lang='lat'>‘⁸</span> <span class='ocrx_word' id='word_1_189' title='bbox 822 3757 940 3806; x_wconf 90' lang='lat' dir='ltr'>me</span> <span class='ocrx_word' id='word_1_190' title='bbox 972 3750 1308 3829; x_wconf 85' lang='lat' dir='ltr'>coeptum</span> <span class='ocrx_word' id='word_1_191' title='bbox 1331 3727 1552 3806; x_wconf 84' lang='lat' dir='ltr'>scelus</span> <span class='ocrx_word' id='word_1_192' title='bbox 1585 3728 1661 3805; x_wconf 89' lang='lat' dir='ltr'>in</span> <span class='ocrx_word' id='word_1_193' title='bbox 1694 3755 1813 3806; x_wconf 88' lang='lat' dir='ltr'>me</span> <span class='ocrx_word' id='word_1_194' title='bbox 1838 3731 2057 3808; x_wconf 85' lang='lat' dir='ltr'>finem</span> <span class='ocrx_word' id='word_1_195' title='bbox 2076 3733 2357 3823; x_wconf 77' lang='lat' dir='ltr'>habeat,</span> <span class='ocrx_word' id='word_1_196' title='bbox 2408 3759 2541 3810; x_wconf 86' lang='lat' dir='ltr'>nec</span> <span class='ocrx_word' id='word_1_197' title='bbox 2562 3753 2681 3832; x_wconf 83' lang='lat' dir='ltr'>pet</span> <span class='ocrx_word' id='word_1_198' title='bbox 2756 3745 2763 3754; x_wconf 84' lang='grc'><em>·</em></span> 
     </span>
     <span class='ocr_line' id='line_1_27' title="bbox 731 3850 2677 3951; baseline -0.002 -23"><span class='ocrx_word' id='word_1_199' title='bbox 731 3861 787 3898; x_wconf 85' lang='grc'><strong><em>“</em></strong></span> <span class='ocrx_word' id='word_1_200' title='bbox 821 3875 1068 3928; x_wconf 86' lang='lat' dir='ltr'>meum</span> <span class='ocrx_word' id='word_1_201' title='bbox 1119 3852 1300 3927; x_wconf 82' lang='lat' dir='ltr'>latus</span> <span class='ocrx_word' id='word_1_202' title='bbox 1351 3872 1430 3928; x_wconf 91' lang='lat' dir='ltr'>tu</span> <span class='ocrx_word' id='word_1_203' title='bbox 1475 3850 1757 3949; x_wconf 74' lang='lat' dir='ltr'>petatis,</span> <span class='ocrx_word' id='word_1_204' title='bbox 1850 3850 1978 3926; x_wconf 88' lang='lat' dir='ltr'>Sin</span> <span class='ocrx_word' id='word_1_205' title='bbox 2008 3872 2251 3928; x_wconf 83' lang='lat' dir='ltr'>autem</span> <span class='ocrx_word' id='word_1_206' title='bbox 2288 3853 2522 3951; x_wconf 91' lang='lat' dir='ltr'>(quod</span> <span class='ocrx_word' id='word_1_207' title='bbox 2554 3851 2677 3930; x_wconf 75' lang='lat' dir='ltr'>cir-</span> 
     </span>
     <span class='ocr_line' id='line_1_28' title="bbox 731 3969 2675 4069; baseline -0.002 -22"><span class='ocrx_word' id='word_1_208' title='bbox 731 3982 786 4017; x_wconf 87' lang='lat'><strong>“</strong></span> <span class='ocrx_word' id='word_1_209' title='bbox 819 3971 1214 4054; x_wconf 80' lang='lat' dir='ltr'>cumventis</span> <span class='ocrx_word' id='word_1_210' title='bbox 1255 3971 1346 4052; x_wconf 69' lang='lat' dir='ltr'>in,</span> <span class='ocrx_word' id='word_1_211' title='bbox 1373 3969 1755 4048; x_wconf 87' lang='lat' dir='ltr'>solitudine</span> <span class='ocrx_word' id='word_1_212' title='bbox 1791 3991 2039 4046; x_wconf 80' lang='lat' dir='ltr'>natura</span> <span class='ocrx_word' id='word_1_213' title='bbox 2068 3969 2217 4069; x_wconf 83' lang='lat' dir='ltr'>ipsa</span> <span class='ocrx_word' id='word_1_214' title='bbox 2245 3969 2553 4069; x_wconf 84' lang='lat' dir='ltr'>subjicit,</span> <span class='ocrx_word' id='word_1_215' title='bbox 2597 3987 2675 4044; x_wconf 87' lang='lat' dir='ltr'>ut</span> 
     </span>
     <span class='ocr_line' id='line_1_29' title="bbox 733 4087 2673 4194; baseline -0.001 -26"><span class='ocrx_word' id='word_1_216' title='bbox 733 4101 787 4140; x_wconf 77' lang='lat'>‘⁸</span> <span class='ocrx_word' id='word_1_217' title='bbox 821 4091 1229 4184; x_wconf 85' lang='lat' dir='ltr'>hominum,</span> <span class='ocrx_word' id='word_1_218' title='bbox 1279 4115 1464 4192; x_wconf 83' lang='lat' dir='ltr'>quos</span> <span class='ocrx_word' id='word_1_219' title='bbox 1505 4115 1909 4194; x_wconf 81' lang='lat' dir='ltr'>numquam</span> <span class='ocrx_word' id='word_1_220' title='bbox 1944 4087 2277 4184; x_wconf 81' lang='lat' dir='ltr'>viderint,</span> <span class='ocrx_word' id='word_1_221' title='bbox 2327 4092 2549 4176; x_wconf 84' lang='lat' dir='ltr'>fidem</span> <span class='ocrx_word' id='word_1_222' title='bbox 2582 4110 2673 4166; x_wconf 76' lang='lat' dir='ltr'>ta·-</span> 
     </span>
    </p>
   </div>
   <div class='ocr_carea' id='block_1_3' title="bbox 3039 811 3044 1316">
    <p class='ocr_par' dir='ltr' id='par_1_4' title="bbox 3039 811 3044 1316">
     <span class='ocr_line' id='line_1_30' title="bbox 3039 811 3044 1316; baseline 0 0"><span class='ocrx_word' id='word_1_223' title='bbox 3039 811 3044 1316; x_wconf 95' lang='lat' dir='ltr'> </span> 
     </span>
    </p>
   </div>
   <div class='ocr_carea' id='block_1_4' title="bbox 3040 3427 3043 4342">
    <p class='ocr_par' dir='ltr' id='par_1_5' title="bbox 3040 3427 3043 4342">
     <span class='ocr_line' id='line_1_31' title="bbox 3040 3427 3043 4342; baseline 0 0"><span class='ocrx_word' id='word_1_224' title='bbox 3040 3427 3043 4342; x_wconf 95' lang='lat' dir='ltr'> </span> 
     </span>
    </p>
   </div>
   <div class='ocr_carea' id='block_1_5' title="bbox 3040 3427 3043 4516">
    <p class='ocr_par' dir='ltr' id='par_1_6' title="bbox 3040 3427 3043 4516">
     <span class='ocr_line' id='line_1_32' title="bbox 3040 3427 3043 4516; baseline 0 0"><span class='ocrx_word' id='word_1_225' title='bbox 3040 3427 3043 4516; x_wconf 95' lang='lat' dir='ltr'> </span> 
     </span>
    </p>
   </div>
  </div>
 </body>
</html>
