3100 5359
708 741 761 808 4
1376 715 2006 788 T.L1v11

712 876 910 952 ritate
983 877 1257 954 senatus
1336 879 1689 977 scripfiffet
1759 879 2263 980 imperaffetve,
2351 897 2436 954 ut
2503 901 2675 952 eum

710 997 1101 1076 exercitum
1160 998 1534 1098 acciperet,
1611 1026 1832 1098 quem
1881 1001 1998 1074 M.
2050 996 2353 1073 Baebius
2399 1018 2674 1096 praetor

711 1144 899 1192 anno
950 1118 1177 1216 priore
1236 1146 1326 1194 ex
1392 1119 1980 1194 senatusconsulto
2046 1119 2122 1194 in
2163 1117 2674 1194 Macedoniam

710 1239 1094 1335 trajeciiset.
1198 1243 1292 1314 Et
1326 1261 1521 1314 extra
1566 1238 1842 1314 Italiam
1875 1239 2314 1338 permiffum,
2349 1259 2456 1326 ut,
2493 1240 2539 1310 fi
2569 1263 2677 1311 res

712 1359 1134 1458 postulasset,
1186 1359 1454 1433 auxilia
1504 1363 1596 1435 ab
1663 1359 1892 1448 sociis,
1947 1387 2034 1434 ne
2096 1357 2300 1457 supra
2349 1357 2675 1454 quinque

716 1477 1024 1552 millium
1084 1505 1491 1566 numerum,
1577 1480 1946 1577 acciperet.
2073 1483 2168 1554 L.
2243 1477 2677 1578 Qinetium

722 1597 1091 1697 superioris
1118 1599 1283 1672 anni
1344 1599 1704 1674 consulem
1753 1599 1968 1700 legari
1999 1601 2089 1674 ad
2125 1598 2200 1673 id
2239 1599 2508 1672 bellum
2535 1597 2682 1694 pla-

709 1719 884 1794 cuit.
984 1723 1188 1794 Alter
1223 1717 1491 1806 consul‚
1546 1719 1666 1794 cui
1698 1720 1897 1794 Italia
1929 1718 2296 1817 provincia
2319 1714 2675 1804 evenisset,

707 1863 875 1912 curn
904 1840 1087 1936 Bojis
1101 1841 1327 1936 juffus
1363 1842 1634 1914 bellum
1652 1867 1917 1940 gerere,
1973 1861 2132 1914 utro
2158 1838 2470 1914 exercitu
2501 1837 2676 1910 mal·

712 1959 807 2032 let
838 1985 929 2032 ex
956 1961 1266 2046 duobus,
1290 1985 1469 2058 quos
1494 1959 1876 2058 superiores
1897 1959 2211 2036 consules
2240 1957 2674 2042 habuiffent3

710 2081 1005 2155 alterum
1027 2103 1105 2156 ut
1141 2081 1448 2156 mitteret
1481 2085 1825 2170 Romam,
1876 2105 2141 2178 eaeque
2163 2083 2466 2154 urbanae
2500 2077 2675 2177 legi-

710 2225 883 2274 ones
909 2203 1123 2276 effent
1167 2224 1465 2299 paratae,
1518 2228 1669 2300 quo
1702 2201 1972 2277 senatus
1999 2199 2384 2276 censuifl'et.

807 2323 901 2395 ΙΙ.
1002 2321 1149 2396 His
1178 2320 1274 2396 ita
1298 2321 1371 2396 in
1395 2321 1634 2396 senatu
1670 2325 1760 2398 ad
1795 2322 1898 2409 id,
1950 2347 2132 2420 quae
2154 2322 2355 2417 cujus
2389 2317 2674 2417 provin-

709 2438 819 2514 cia
869 2440 1074 2529 foret,
1126 2442 1452 2529 decretis,
1506 2464 1662 2516 tum
1718 2444 2016 2515 demum
2067 2439 2290 2515 sortiri
2357 2437 2676 2514 consules

710 2561 999 2657 placuit.
1110 2561 1353 2636 Acilio
1408 2560 1733 2649 Graecia,
1784 2560 2119 2636 Cornelio
2168 2560 2366 2634 Italia
2416 2556 2674 2634 evenit.

720 2681 932 2754 Certa
959 2679 1221 2754 deinde
1266 2680 1441 2755 sorte
1491 2679 2163 2757 senatusconsultum
2217 2681 2484 2758 factum
2537 2679 2677 2754 est:

713 2810 764 2844 “
801 2801 1001 2897 quod
1059 2803 1367 2898 populus
1408 2804 1786 2876 Romanus
1840 2826 1928 2876 eo
1975 2823 2296 2897 ternpore
2351 2802 2679 2876 duellum

712 2931 762 2964 “
786 2921 1072 3015 jufliss'et
1137 2923 1271 2995 effe
1322 2948 1493 2997 cum
1548 2949 1712 3022 rege
1760 2921 2156 3010 Antiocho,
2227 2920 2500 3020 quique
2546 2918 2679 2994 sub

708 3051 764 3085 “
802 3038 1101 3140 imperio
1132 3041 1279 3138 ejus
1313 3043 1555 3130 effent,
1608 3064 1690 3116 ut
1719 3043 1866 3139 ejus
1899 3042 1998 3117 rei
2024 3043 2256 3118 cauffa
2277 3040 2676 3141 supplicati·

712 3171 767 3204 “
802 3186 1015 3235 onem
1049 3158 1471 3261 imperarent
1523 3161 1881 3237 consules:
1935 3160 2186 3261 utique
2223 3165 2362 3237 M'.
2399 3161 2679 3236 Acilius

712 3293 765 3328 “
802 3280 1047 3357 consul
1087 3283 1295 3356 ludos
1344 3309 1642 3382 magnos
1667 3283 1832 3378 Jovi
1879 3303 2190 3370 voveret,
2240 3288 2310 3356 ὅτ
2364 3283 2553 3356 dona
2585 3283 2677 3354 ad

705 3413 756 3446 “
792 3400 1036 3476 omnia
1068 3402 1529 3499 pulvinaria.”
1628 3404 1714 3477 Id
1765 3425 2018 3478 votum
2079 3403 2155 3476 in
2211 3407 2386 3476 haec
2428 3404 2674 3489 verba,

712 3544 1088 3619 praeeunte
1144 3525 1224 3596 P.
1296 3521 1590 3596 Licinio
1635 3524 1972 3621 pontifice
2039 3523 2383 3611 maximo,
2437 3520 2682 3596 consul

712 3640 1183 3740 nuncupavit:
1238 3653 1289 3686 ‘⁶
1320 3641 1393 3715 Si
1428 3644 1781 3732 duellum,
1843 3645 2047 3741 quod
2091 3669 2264 3718 cum
2312 3641 2680 3718 Antiocho

715 3773 764 3806 “
803 3787 965 3860 rege
996 3761 1176 3836 sumi
1200 3763 1509 3860 populus
1529 3763 1748 3858 juffit,
1801 3761 1876 3836 id
1911 3789 2004 3836 ex
2030 3760 2368 3836 sententia
2406 3761 2679 3840 senatus

712 3893 765 3926 “
800 3880 1194 3980 populique
1218 3881 1532 3955 Romani
1555 3880 1964 3959 confestum
1986 3881 2116 3956 erit
2130 3915 2153 3969 3
2179 3905 2336 3956 tum
2360 3881 2518 3970 tibi,
2547 3883 2679 3978 Ju-

712 4013 763 4046 “
798 4001 1003 4101 piter,
1040 4004 1349 4100 populus
1386 4003 1764 4076 Romanus
1795 4003 2005 4076 ludos
2045 4027 2340 4102 magnos
2373 4003 2526 4078 dies
2557 4005 2679 4078 de-

711 4133 761 4166 “
798 4147 955 4196 cem
978 4120 1355 4232 continuos
1374 4117 1586 4206 faciet
1598 4153 1624 4209 3
1645 4123 1976 4220 donaque
2000 4123 2091 4195 ad
2103 4123 2346 4196 omnia
2355 4123 2680 4223 pulvina-
