3100 5359
833 716 908 790 L
964 742 992 789 1
1058 742 1099 789 Β
1156 740 1199 789 Ε
1267 740 1313 789 R
1417 716 1804 790 XXXVII.
2210 742 2300 816 93
2359 796 2370 801 ,

342 910 531 964 oram
592 886 943 965 sociorum
994 890 1467 990 praeterveffl,
1525 892 1600 966 in
1646 888 2114 990 Bargylietico
2144 889 2300 965 finu

344 1008 857 1085 exscenfionem
892 1015 983 1086 ad
1004 1014 1272 1107 Jafl‘urn
1308 1012 1648 1087 fecerunt.
1715 1014 1994 1085 Urbem
2023 1009 2302 1109 regium

352 1135 625 1206 tenebat
676 1130 1130 1229 praesidium:
1184 1156 1435 1230 agrum
1469 1130 1657 1205 circa
1687 1130 2002 1206 Romani
2037 1127 2302 1204 hostili-

353 1270 449 1325 ter
480 1250 895 1349 depopulati
932 1249 1111 1324 sunt.
1213 1250 1441 1325 Missis
1474 1250 1763 1338 deinde,
1816 1249 1942 1349 qui
1977 1275 2100 1347 per
2133 1274 2302 1323 con·

352 1371 589 1468 loquia
642 1368 1051 1467 principum
1086 1370 1158 1441 δι
1196 1369 1732 1468 magistratuum
1767 1390 2111 1444 tentarent
2156 1368 2306 1442 ani-

352 1516 526 1578 mOS,
559 1490 929 1588 postquam
962 1488 1138 1562 nihil
1172 1488 1243 1562 in
1278 1489 1610 1587 potestate
1647 1488 1768 1563 sua
1801 1489 2308 1588 responderunt

352 1612 503 1698 effe,
536 1611 627 1683 ad
654 1612 905 1684 urbem
924 1610 1479 1708 obpugnandam
1500 1608 1728 1684 ducit.
1799 1612 2015 1683 Erant
2041 1612 2306 1705 Jaffen-

356 1732 525 1804 fium
554 1728 822 1803 exsules
850 1753 1019 1803 cum
1042 1728 1424 1802 Romanis:
1463 1727 1513 1801 ii
1541 1727 1938 1826 frequentes
1972 1729 2304 1805 Rhodios

352 1848 983 1937 orareinstiterunt‚
1022 1860 1072 1893 ‘⁶
1112 1853 1228 1925 Ne
1250 1853 1531 1938 urbem,
1595 1854 1660 1923 δι
1694 1848 2002 1923 vicinam
2037 1850 2188 1938 fibi,
2235 1854 2306 1924 ὅτ

357 1978 405 2013 “
442 1990 842 2068 cognatam,
877 1969 1241 2043 innoxiam
1265 1968 1487 2066 perire
1519 1973 1834 2044 sinerent.
1907 1969 2056 2044 Sibi
2091 1970 2308 2043 exsilii

354 2098 401 2131 ‘⁴
436 2092 703 2163 nullam
725 2089 931 2162 aliam
946 2091 1250 2163 caufl'am
1273 2090 1431 2176 effe,
1455 2114 1669 2187 quam
1709 2090 1929 2163 fidem
1965 2115 2128 2188 erga
2150 2092 2306 2164 Ro-

354 2220 401 2253 “
436 2235 702 2283 manos.
730 2210 1001 2282 Eadem
1017 2206 1089 2281 vi
1111 2207 1492 2306 regiorum,
1518 2232 1662 2307 qua
1683 2207 1701 2280 i
1709 2211 1803 2306 pfi
1825 2210 1999 2307 pulfi
2026 2212 2179 2297 fint,
2205 2229 2306 2283 te-

353 2340 401 2373 “
437 2329 581 2404 neri
603 2354 751 2416 eos,
774 2328 901 2425 qui
925 2327 1000 2401 in
1022 2330 1195 2402 urbe
1216 2348 1564 2402 maneant.
1616 2328 1970 2402 Omnium
1991 2328 2308 2425 Jaffenfi-

354 2460 401 2493 “
434 2474 560 2523 um
598 2474 821 2523 unam
884 2468 1195 2521 mentem
1230 2450 1387 2536 effe,
1458 2469 1541 2523 ut
1596 2446 1995 2523 servitutem
2041 2447 2310 2548 regiam

351 2579 399 2611 “
430 2570 889 2668 effugerent.'’
986 2566 1292 2657 Rhodii,
1354 2570 1531 2644 moti
1577 2568 1930 2667 precibuS,
1987 2572 2310 2645 Eumene

351 2687 559 2763 etiam
628 2714 791 2787 rege
864 2686 1216 2774 adsumt0,
1303 2691 1508 2762 fimul
1575 2687 1726 2763 suas
1777 2687 2310 2765 neceffitudines

350 2810 1005 2897 commemorande,
1040 2808 1244 2881 fimul
1264 2806 1564 2882 obseffae
1599 2808 1793 2907 regio
1824 2806 2160 2907 praefidio
2191 2835 2309 2883 ur-

356 2926 457 3001 bis
492 2925 737 3001 casum
772 2925 1190 3015 miserandO,
1242 2926 1714 3024 pervicerunt,
1764 2950 1848 3003 ut
1881 2928 2308 3029 obpugnati-

352 3072 481 3122 one
554 3046 1007 3123 abfisteretur.
1108 3045 1413 3121 Profethi
1466 3046 1659 3133 inde,
1731 3048 1992 3145 pacatis
2039 3048 2308 3137 ceteri5‚

350 3192 577 3265 quum
639 3192 835 3241 oram
882 3169 1083 3239 Afiae
1127 3167 1461 3265 legerent,
1514 3170 1830 3264 Loryma
1879 3180 2155 3266 (portus
2186 3171 2311 3243 ad-

352 3286 581 3362 versus
616 3287 971 3361 Rhodum
1016 3286 1145 3379 est)
1210 3308 1700 3385 pervenerunt.
1801 3286 1910 3361 Ibi
1951 3287 2022 3361 in
2052 3288 2308 3386 princi-

353 3406 484 3506 piis
532 3408 760 3483 sermo
793 3405 1024 3505 primo
1067 3405 1249 3480 inter
1280 3406 1600 3481 tribunos
1651 3405 1964 3481 militum
2009 3406 2308 3482 secretus

355 3525 597 3615 oritur,
662 3526 925 3600 deinde
978 3526 1071 3599 ad
1120 3552 1315 3599 aures
1362 3525 1572 3624 ipfius
1621 3525 1914 3601 Aemilii
1963 3526 2307 3624 pervenit,

352 3647 613 3722 abduci
676 3647 953 3720 claffem
992 3648 1083 3720 ab
1134 3643 1437 3741 Epheso,
1488 3648 1578 3720 ab
1612 3645 1738 3720 suo
1789 3646 2007 3719 bello:
2086 3667 2171 3720 ut
2219 3650 2310 3723 ab

352 3788 544 3867 tergo
570 3766 752 3841 liber
782 3765 1063 3839 relietus
1096 3764 1310 3838 hostis
1346 3764 1419 3837 in
1454 3782 1562 3839 tot
1610 3764 2040 3864 propinquas
2087 3765 2308 3841 socio·

354 3912 509 3962 rum
558 3889 771 3961 urbes
814 3883 1059 3960 omnia
1092 3884 1359 3982 inpune
1392 3883 1631 3958 conari
1666 3888 1906 3980 poffet.
2007 3888 2308 3960 Movere

355 4032 433 4079 ea
489 4004 925 4079 Aemilium:
986 4002 1415 4101 vocatosque
1462 4002 1794 4078 Rhodios
1856 4032 2092 4103 quum
2152 4032 2311 4105 per-

358 4130 723 4203 ennitatus
762 4126 951 4214 effet,
1001 4144 1413 4199 utrumnam
1449 4122 1710 4199 Pataris
1744 4124 2063 4201 universa
2096 4128 2308 4203 claffis
