3100 5359
855 718 931 790 L
980 741 1009 788 1
1067 741 1110 791 n
1166 741 1210 790 z
1263 741 1310 790 n
1411 715 1799 791 XXXVII.
2180 743 2313 817 155

357 887 586 964 millia
636 907 1102 976 armatorum3
1183 889 1313 963 tria
1364 889 1583 964 millia
1637 888 1927 964 trecenti
1980 889 2191 988 capti,
2242 897 2310 966 ὅτ

356 1008 578 1084 castra
607 1031 1032 1108 expugnata.
1131 1010 1374 1106 Hujus
1407 1009 1735 1084 vid'toriae
1765 1007 1949 1083 fama
1974 1010 2313 1108 tranquil-

355 1126 564 1202 liores
617 1127 694 1201 in
733 1127 1082 1226 Hispania
1133 1155 1236 1203 res
1281 1127 1472 1203 fecit.
1576 1129 1857 1202 Eodem
1896 1154 2082 1202 anno
2146 1150 2307 1202 ante

365 1247 566 1321 diem
607 1247 894 1321 tertium
937 1248 1288 1322 Kalendas
1337 1247 1697 1343 Januarias
1730 1247 2117 1322 Bononiam
2170 1251 2311 1322 La·

366 1366 593 1440 tinam
641 1365 994 1440 coloniam
1033 1393 1124 1441 ex
1180 1367 1765 1442 senatusconsulto
1829 1372 1923 1441 L.
1981 1368 2299 1443 Valerius

353 1487 680 1573 Flaccus,
718 1489 832 1560 M.
870 1485 1132 1560 Atilius
1153 1490 1504 1574 Serranus,
1540 1491 1633 1560 L.
1671 1486 1986 1560 Valerius
2016 1490 2311 1585 Tappus

353 1605 712 1679 triumviri
803 1607 1276 1680 deduxerunt.
1403 1605 1587 1680 Tria
1650 1605 1875 1680 millia
1931 1606 2311 1681 hominum

353 1725 518 1799 sunt
550 1725 892 1799 deducta:
948 1725 1308 1825 equitibus
1330 1724 1747 1825 septuagena
1758 1727 2034 1824 jugera,
2069 1728 2314 1801 ceteris

352 1842 630 1920 colonis
681 1844 1184 1944 quinquagena
1235 1845 1393 1919 sunt
1435 1849 1617 1920 data.
1720 1853 1916 1945 Ager
1948 1867 2192 1945 captus
2222 1849 2313 1920 de

355 1963 584 2038 Gallis
613 1964 794 2061 Bojis
825 1963 1080 2039 fuerat:
1120 1965 1311 2039 Galli
1344 1964 1618 2040 Tuscos
1638 1967 2069 2064 expulerant.
2170 1969 2313 2040 Eo-

349 2088 526 2160 dem
581 2110 770 2158 anno
804 2083 1164 2158 censuram
1199 2084 1410 2158 multi
1443 2089 1512 2159 δε
1547 2085 1714 2160 clari
1766 2083 1895 2158 viri
1932 2085 2307 2183 petierunt.

350 2209 560 2305 Qae
602 2230 732 2292 res,
766 2224 1132 2302 tamquam
1161 2205 1234 2278 in
1259 2203 1326 2278 se
1359 2229 1611 2303 parum
1638 2203 1877 2303 magni
1912 2204 2309 2280 certaminis

345 2327 656 2398 cauffam
691 2327 1006 2411 haberet,
1052 2322 1262 2398 aliam
1295 2323 1825 2409 contentionem
1876 2326 2106 2399 multo
2156 2351 2304 2398 ma-

336 2445 573 2541 jorem
623 2443 982 2519 excitavit.
1081 2445 1424 2520 Petebant
1474 2447 1570 2518 T.
1617 2442 2005 2544 Qinc‘tius
2050 2444 2309 2518 Flami·

347 2562 590 2650 ninus,
643 2566 726 2637 P.
780 2563 1150 2638 Cornelius
1203 2565 1339 2639 Cn.
1389 2565 1471 2638 F.
1525 2563 1792 2661 Scipio,
1850 2567 1943 2638 L.
1992 2564 2311 2639 Valerius

353 2686 682 2771 Flaccus,
729 2681 844 2758 M.
891 2683 1185 2759 Porcius
1213 2685 1417 2771 Cato,
1470 2686 1587 2757 M.
1623 2683 1969 2760 Claudius
2002 2685 2309 2760 Marcel-

343 2805 487 2890 lus,
517 2807 632 2878 M.
668 2803 946 2878 Acilius
981 2803 1303 2893 Glabrio,
1338 2802 1464 2902 qui
1492 2803 1941 2878 Antiochum
1974 2805 2069 2877 ad
2088 2807 2312 2878 Ther-

351 2925 674 3022 mopylas
702 2923 1134 3021 Aetolosque
1161 2922 1534 2997 devicerat.
1633 2925 1718 2997 In
1750 2925 1946 2998 hunc
1972 2925 2309 3012 maxime,

349 3045 556 3141 quod
591 3045 816 3116 multa
843 3042 1200 3142 congiaria
1243 3043 1605 3131 habuerat,
1646 3041 1925 3141 'quibus
1978 3069 2309 3143 magnam

349 3185 626 3260 partem
653 3161 1036 3236 hominum
1071 3161 1525 3262 obligaverat,
1588 3161 1785 3237 favor
1808 3163 2055 3261 populi
2086 3163 2155 3238 se
2202 3165 2309 3237 in·
2428 3199 2435 3210 ·

347 3282 681 3357 clinabat.
783 3284 868 3356 Id
901 3308 1132 3382 quum
1165 3309 1366 3382 aegre
1401 3302 1799 3380 paterentur
1852 3303 1959 3356 tot
2010 3284 2307 3371 nobileS,

349 3429 626 3478 novum
659 3403 783 3479 fibi
815 3383 1182 3477 hominem
1215 3423 1492 3476 tantum
1529 3400 1851 3501 praeferri
1882 3393 1944 3490 ς’·
1978 3405 2060 3477 Ρ.
2112 3407 2307 3478 Sem·

347 3522 644 3621 pronius
692 3525 1056 3597 Gracchus
1088 3523 1163 3595 &
1197 3523 1282 3597 C.
1321 3521 1777 3625 Sempronius
1822 3522 2142 3612 Rutilus,
2189 3524 2308 3598 tri-

351 3643 534 3716 buni
565 3641 812 3740 plebis,
866 3643 931 3718 ei
968 3642 1162 3717 diem
1193 3642 1552 3730 dixerunt,
1596 3643 1794 3741 quod
1838 3643 2177 3740 pecuniae
2204 3669 2307 3718 re-

349 3761 510 3860 giae
545 3764 982 3860 praedaeque
1027 3763 1498 3861 aliquantum,
1556 3781 1795 3859 captae
1840 3761 1912 3835 in
1961 3761 2307 3838 Antiochi

351 3880 616 3970 castriS,
659 3905 890 3980 neque
925 3882 1000 3956 in
1035 3882 1400 3980 triumpho
1431 3881 1713 3969 tulifl'et‚
1750 3905 1981 3979 neque
2014 3881 2087 3955 in
2120 3908 2305 3956 aera-

351 3999 544 4076 rium
595 4001 946 4076 retulisset.
1059 4000 1266 4076 Varia
1315 3999 1713 4076 testimonia
1762 4002 2149 4100 legatorum
2188 4003 2305 4076 tri-

355 4125 862 4220 bunorumque
915 4121 1228 4196 militurn
1264 4141 1477 4196 erant.
1584 4123 1699 4195 M.
1735 4123 1913 4196 Cato
1938 4143 2098 4195 ante
2130 4121 2305 4196 alios
