3100 5359
794 691 933 758 140
1448 666 2096 741 T.·L1v11

788 841 1129 915 eumdem
1159 864 1567 928 numerum,
1597 864 1817 937 quem
1845 841 2140 939 collega.
2202 838 2441 913 Naves
2461 856 2760 937 quoque

785 959 981 1035 idern
1034 959 1307 1047 consul,
1362 986 1547 1059 quae
1580 958 1809 1058 priore
1855 984 2044 1035 anno
2076 980 2348 1057 paratae
2379 980 2608 1048 erant,
2639 985 2754 1034 or·-

786 1106 949 1155 nare
981 1081 1237 1177 jussus»,
1288 1106 1370 1154 ac
1414 1081 1678 1155 ducere
1721 1077 1998 1154 secum:
2071 1104 2206 1155 nec
2257 1104 2430 1155 cum
2478 1079 2762 1155 Aetolis

784 1200 1015 1275 solum
1049 1202 1318 1277 bellum
1354 1224 1620 1299 gerere,
1675 1198 1797 1274 sed
1839 1198 2055 1275 etiam
2103 1200 2176 1274 in
2228 1200 2762 1299 Cephalleniam

782 1318 1084 1395 insulam
1129 1319 1463 1417 trajicere.
1563 1322 2004 1395 Mandatum
2051 1319 2317 1413 eidem,
2377 1342 2488 1411 ut,
2541 1325 2593 1396 fi
2635 1346 2766 1419 per

783 1442 1254 1516 commodum
1297 1439 1726 1539 reipublicae
1757 1440 1982 1515 facere
2014 1443 2262 1540 posset,
2295 1460 2382 1515 ut
2412 1442 2506 1515 ad
2535 1441 2762 1517 comi-

780 1560 880 1636 tia
937 1564 1255 1636 Romam
1310 1560 1590 1637 rediret.
1711 1563 1934 1650 Nam,
1991 1582 2483 1661 praeterquam
2541 1566 2750 1663 quod

784 1680 1223 1781 magistratus
1243 1680 1463 1757 annui
1492 1680 1924 1782 subrogandi
1958 1683 2199 1771 effent,
2227 1680 2544 1757 censores
2573 1707 2760 1783 quo-

784 1828 927 1901 que
980 1804 1253 1901 placere
1295 1801 1539 1878 creari}
1639 1800 1712 1877 Si
1766 1828 1910 1903 qua
1959 1828 2064 1878 res
2111 1828 2284 1877 eum
2327 1823 2624 1891 teneret,
2660 1803 2762 1879 se-

783 1944 1032 2001 natum
1078 1921 1449 1999 certiorem
1494 1921 1786 2011 faceret,
1837 1920 1904 1998 se
1939 1924 2036 1997 ad
2071 1922 2532 1999 comitiorum
2583 1946 2761 2000 tem-

782 2070 916 2144 pus
968 2046 1344 2119 obcurrere
1410 2068 1559 2119 non
1603 2045 1817 2142 poffe.
1943 2042 2230 2119 Aetolia
2279 2046 2398 2118 M.
2467 2043 2758 2133 Fulvio,

782 2169 947 2241 Afia
982 2166 1119 2240 Cn.
1166 2162 1453 2239 Manlio
1504 2162 1682 2239 sorte
1733 2162 1997 2239 evenit.
2097 2167 2456 2256 Praetores
2493 2162 2762 2239 deinde

782 2284 1002 2361 sortiti
1052 2282 1239 2373 sunt,
1290 2286 1413 2384 Sp.
1458 2281 1868 2361 Postumius
1921 2283 2239 2359 Albinus
2289 2286 2642 2361 urbanam
2689 2289 2762 2361 δε

782 2407 965 2483 inter
996 2404 1427 2507 peregrinos,
1482 2406 1595 2479 M.
1637 2403 2101 2503 Sempronius
2135 2404 2555 2480 Tuditanus
2581 2404 2762 2482 Sici·-

778 2527 975 2616 liam,
1020 2523 1421 2627 QFabius
1453 2523 1695 2600 Pictor
1725 2526 1986 2600 flamen
2017 2524 2410 2626 Qirinalis
2443 2526 2757 2602 Sardini-

778 2674 921 2735 am,
976 2644 1375 2748 QFabius
1409 2648 1662 2721 Labeo
1695 2646 2004 2734 claffem,
2059 2648 2154 2720 L.
2189 2644 2516 2721 Plautius
2542 2649 2762 2747 Hyp-

779 2767 971 2843 saeus
1025 2764 1454 2865 Hispaniam
1506 2763 1936 2854 citeriorem,
2003 2768 2099 2841 L.
2161 2766 2468 2842 Baebius
2533 2766 2762 2843 Dives

778 2886 1207 2986 Hispaniam
1242 2885 1672 2961 ulteriorem.
1772 2884 2050 2961 Siciliae
2095 2886 2287 2985 legio
2319 2913 2464 2962 una
2495 2892 2561 2963 δι
2591 2888 2762 2964 clas-

778 3013 887 3098 fis,
913 3034 1097 3108 quae
1130 3006 1206 3082 in
1227 3033 1311 3083 ea
1323 3004 1692 3105 provincia
1709 3027 1878 3095 erat,
1901 3008 2218 3094 decreta,
2243 3011 2314 3081 ἃ
2333 3028 2420 3083 ut
2435 3010 2614 3083 duas
2635 3010 2763 3084 de-

782 3154 1033 3205 cumas
1089 3126 1431 3205 frumenti
1478 3151 1706 3201 novus
1753 3146 2032 3225 praetor
2061 3126 2436 3227 imperaret
2471 3128 2756 3219 Siculis,

776 3275 1018 3325 earum
1072 3251 1360 3325 alteram
1428 3245 1505 3322 in
1569 3252 1836 3337 Afiam,
1904 3248 2190 3325 alteram
2253 3248 2331 3324 in
2390 3249 2758 3325 Aetoliam

776 3371 1101 3447 mitteret.
1205 3370 1411 3445 Idem
1444 3371 1537 3443 ab
1565 3366 1800 3443 Sardis
1833 3367 2052 3467 exigi,
2088 3387 2308 3468 atque
2337 3370 2432 3444 ad
2463 3370 2750 3447 eosdem

774 3490 1125 3579 exercitus
1160 3488 1236 3563 id
1272 3487 1744 3577 frumentum,
1783 3490 1876 3563 ad
1909 3514 2096 3586 quos
2126 3489 2480 3578 Siculum,
2504 3491 2756 3589 depor-

772 3611 901 3689 tari
928 3612 1203 3709 juffum
1243 3612 1335 3684 L.
1355 3608 1617 3684 Baebio
1638 3605 2212 3709 supplementum
2233 3610 2308 3685 in
2330 3609 2758 3708 Hispaniam

783 3734 1035 3809 datum
1088 3729 1285 3806 mille
1337 3727 1657 3805 Romani
1715 3728 2016 3827 pedites,
2070 3729 2344 3829 equites
2396 3730 2755 3833 quinqua-

782 3852 1008 3953 ginta,
1102 3851 1179 3924 &
1246 3848 1365 3925 sex
1411 3849 1638 3925 millia
1686 3848 2016 3949 peditum
2081 3849 2330 3927 Latini
2413 3853 2757 3942 nominis,

770 3970 1067 4049 ducenti
1112 3970 1411 4071 equites.
1511 3970 1797 4046 Plautio
1841 3969 2182 4070 Hypsaeo
2207 3971 2287 4047 in
2321 3971 2753 4071 Hispaniam

768 4092 1169 4171 citeriorem
1223 4090 1419 4170 mille
1474 4090 1791 4167 Romani
1839 4090 1986 4167 dati
2032 4089 2106 4167 su
2117 4113 2193 4168 nt
2235 4092 2540 4191 pedites,
2593 4095 2748 4170 duo
