3100 5359
823 721 898 794 L
950 746 980 794 1
1041 746 1080 796 n
1135 746 1179 796 a
1229 745 1278 802 a
1379 721 1805 796 XXXVIII.
2166 743 2301 821 175

309 891 567 966 fundo
601 890 988 987 pertusum,
1041 919 1186 991 qua
1217 893 1446 967 fistula
1478 892 1766 968 modica
1810 890 2011 966 inseri
2046 895 2294 992 poffet,

315 1015 408 1086 δε
443 1011 748 1086 fistulam
793 1010 1082 1086 ferream
1116 1014 1677 1112 operculumque
1730 1011 1907 1085 dolii
1961 1011 2291 1102 ferreum,

317 1134 408 1204 ὅτ
485 1128 720 1228 ipsum
795 1131 1119 1229 pluribus
1183 1131 1360 1206 locis
1417 1130 1880 1229 perforatum,
1954 1129 2293 1208 fecerunt.

322 1252 512 1324 Hoc
547 1249 744 1324 tenui
779 1252 1024 1347 pluma
1041 1253 1482 1349 completum
1515 1251 1803 1325 dolium
1830 1276 1949 1324 ore
1982 1251 2059 1325 in
2088 1254 2294 1328 cuni-

323 1370 584 1443 culum
637 1367 832 1443 verso
884 1368 1288 1466 posuerunt.
1389 1373 1524 1444 Per
1577 1369 1895 1469 operculi
1947 1369 2294 1446 foramina

323 1491 746 1587 praelongae
776 1489 1032 1576 hastae,
1083 1515 1259 1587 quas
1293 1488 1544 1564 sariffas
1578 1509 1857 1577 vocant,
1892 1491 1983 1562 ad
2006 1489 2294 1566 submo-

334 1608 609 1682 vendos
635 1608 865 1682 hostes
899 1607 1326 1684 eminebant.
1427 1609 1819 1683 Scintillam
1852 1612 2081 1684 levem
2108 1611 2297 1710 ignis

333 1725 642 1800 inditam
688 1727 1000 1825 plumae,
1049 1727 1216 1802 folle
1249 1727 1478 1802 fabrili
1512 1731 1604 1803 acl
1638 1751 1853 1828 caput
1884 1729 2152 1805 fistulae
2187 1730 2295 1807 in-

336 1847 594 1944 pofito,
661 1848 900 1920 flando
977 1848 1474 1922 accenderunt.
1608 1849 1785 1921 Inde
1856 1874 2003 1922 non
2066 1848 2295 1927 solum

335 1991 598 2066 magna
639 1966 746 2040 vis
793 1964 1002 2053 fumi,
1057 1964 1174 2040 sed
1227 1965 1451 2040 acrior
1489 1965 1702 2041 etiam
1738 1965 1951 2042 foedo
1978 1971 2297 2066 quodam

336 2085 588 2160 nidore
621 2112 713 2160 ex
759 2085 1004 2162 adusta
1035 2087 1306 2181 pluma,
1342 2110 1575 2183 quum
1608 2107 1841 2161 totum
1876 2087 2297 2165 cuniculum

336 2207 768 2304 complesset,
817 2205 942 2279 vix
975 2206 1224 2278 durare
1258 2203 1633 2303 quisquam
1660 2203 1849 2279 intus
1882 2227 2175 2304 poterat.

436 2327 637 2400 VIII.
736 2329 990 2425 Qum
1045 2321 1137 2427 in¹
1171 2326 1312 2399 hoc
1357 2324 1534 2397 statu
1570 2349 1675 2398 res
1712 2327 1805 2399 ad
1840 2327 2299 2404 Ambraciam

339 2447 531 2533 esset,
591 2445 803 2543 legati
856 2447 948 2518 ab
1000 2443 1276 2518 Aetolis
1317 2445 1675 2518 Phaeneas
1726 2445 1803 2516 δε
1856 2447 2293 2542 DamoteleS‚

341 2591 514 2641 cum
545 2564 783 2639 liberis
815 2561 1190 2650 mandatis,
1225 2563 1508 2638 decreto
1537 2562 1793 2661 gentis3
1826 2565 1918 2637 ad
1938 2567 2300 2643 consulem
2354 2599 2359 2610 ·

342 2703 712 2758 venerunt.
810 2687 1004 2758 Nam
1038 2696 1313 2780 praetor
1344 2708 1621 2771 eorum,
1678 2709 1909 2782 quum
1942 2685 2077 2758 alia
2106 2710 2299 2784 parte

345 2802 804 2879 Ambraciam
875 2800 1274 2901 obpugnari
1343 2824 1681 2890 cerneret,
1763 2803 1899 2878 alia
1976 2804 2301 2884 infestam

342 2951 538 3000 oram
597 2925 894 2999 navibus
959 2921 1272 2996 hostium
1337 2921 1497 3009 effe,
1577 2921 1714 2996 alia
1781 2925 2305 3022 Amphilochos

345 3043 878 3144 Dolopiamque
909 3069 950 3116 a
983 3041 1512 3116 Macedonibus
1545 3041 1817 3129 vastari,
1852 3069 1985 3119 nec
2008 3050 2302 3122 Aetolos

343 3167 544 3238 fimul
599 3165 692 3238 ad
731 3161 862 3236 tria
909 3159 1176 3235 diversa
1225 3162 1408 3234 bella
1447 3161 1895 3237 obcursantes
1936 3164 2300 3255 subficere‚

345 3303 736 3357 convocato
769 3279 1106 3368 concilio,
1135 3283 1430 3355 Aetolos
1457 3279 1841 3379 principeS,
1885 3283 2068 3380 quid
2088 3311 2300 3384 agen-

345 3403 524 3475 dum
557 3403 749 3488 effer,
800 3396 1176 3476 consuluit.
1273 3398 1630 3475 Omnium
1657 3429 1743 3476 eo
1776 3401 2150 3478 sententiae
2179 3406 2304 3478 de-

346 3540 740 3608 currerunt,
764 3530 814 3564 “
852 3541 936 3593 ut
952 3545 1118 3617 pax,
1139 3519 1187 3590 fi
1205 3520 1450 3616 poffet,
1473 3519 1716 3619 aequis
1730 3553 1757 3608 ;
1772 3523 1822 3592 st
1843 3523 2107 3612 minus,
2130 3526 2302 3599 tole-

350 3649 399 3684 “
435 3640 670 3714 randis
695 3637 1232 3714 conditionibus
1252 3661 1623 3737 peteretur.
1670 3641 2017 3718 Antiochi
2040 3644 2307 3720 fiducia

347 3767 399 3804 “
434 3761 706 3834 bellum
727 3758 1147 3857 susceptum.
1184 3757 1552 3833 Antiocho
1572 3780 1749 3833 terra
1766 3761 2085 3860 marique
2106 3761 2307 3862 supe-

355 3887 401 3921 “
435 3899 610 3966 rato,
670 3882 740 3952 &
791 3903 1010 3976 prope
1063 3899 1258 3952 extra
1318 3881 1568 3954 orbem
1621 3900 1838 3954 terrae
1899 3883 2084 3955 ultra
2128 3883 2307 3983 juga

355 4006 404 4041 ‘⁸
439 3996 662 4073 Tauri
695 4001 970 4086 exacto,
1023 4023 1243 4096 quam
1276 3985 1470 4094 spem
1503 3997 1636 4073 effe
1670 3997 2053 4074 sustinendi
2089 4003 2303 4077 belli?

354 4126 403 4162 ‘⁶
438 4119 791 4208 Phaeneas
842 4117 918 4192 &
953 4119 1388 4208 Damoteles,
1441 4119 1639 4216 quod
1675 4145 1713 4194 e
1744 4145 1817 4193 re
1851 4123 2301 4213 Aetolorum,
