3100 5359
751 708 884 780 166
1327 707 1945 783 T.L1v11

747 875 992 952 fariam
1042 876 1110 951 se
1163 875 1582 953 diviserunt:
1636 901 1789 978 pars
1822 901 1967 952 una
1998 875 2447 962 Heracleam,
2495 874 2711 948 altera

745 993 1278 1094 Tetraphyliam
1321 995 1526 1094 petit,
1578 997 1707 1072 ubi
1755 993 2077 1073 custodia
2107 992 2337 1096 regiae
2368 991 2714 1093 pecuniae

747 1119 880 1191 efl'e
933 1115 1130 1190 solita
1181 1133 1350 1202 erat,
1403 1115 1609 1190 tertia
1642 1111 2160 1203 Theudoriam,
2214 1133 2465 1213 quarta
2496 1110 2712 1212 Argi-

745 1237 1004 1310 theam.
1073 1236 1179 1308 Ita
1205 1233 1388 1309 inter
1414 1260 1663 1309 omnes
1686 1233 2045 1321 convenit,
2080 1254 2163 1306 ut
2191 1232 2425 1332 primo
2451 1231 2709 1332 quieti,

745 1355 944 1427 velut
985 1354 1076 1429 ad
1112 1353 1454 1453 privatam
1486 1380 1637 1428 rem
1670 1355 2017 1453 agendam
2051 1351 2417 1441 veniffent‚
2452 1351 2528 1427 in
2556 1351 2714 1427 foro

745 1472 1307 1549 obversarentur:
1379 1473 1498 1548 die
1564 1494 1753 1549 certa
1817 1471 2357 1548 multitudinem
2416 1499 2715 1546 omnem

747 1615 1218 1668 convocarent
1293 1595 1385 1668 ad
1471 1591 1804 1690 praesidia
1864 1594 2359 1668 Macedonum
2425 1591 2711 1668 arcibus

747 1713 1184 1810 expellenda.
1287 1713 1443 1787 Ubi
1479 1737 1561 1787 ea
1594 1711 1745 1786 dies
1776 1711 2090 1800 advenit,
2141 1715 2211 1786 ὅτ
2246 1713 2715 1812 Amynander

743 1855 914 1906 curn
959 1831 1152 1907 mille
1199 1831 1475 1907 Aetolis
1525 1831 1599 1906 in
1654 1833 1919 1908 finibus
1966 1853 2110 1908 erat
2124 1864 2147 1920 3
2200 1858 2289 1906 ex
2322 1835 2715 1931 compotito

671 2020 686 2033 ,
746 1970 1055 2047 quatuor
1087 1955 1286 2026 fimul
1317 1951 1488 2027 locis
1515 1951 1847 2050 praesidia
1874 1953 2367 2027 Macedonum
2388 1951 2705 2051 expulsa,

742 2069 1122 2170 literaeque
1177 2069 1252 2144 in
1303 2070 1470 2146 alias
1512 2075 1724 2147 urbes
1756 2075 1997 2169 paffim
2038 2072 2380 2162 dimifl‘ae,
2434 2093 2519 2147 ut
2546 2071 2709 2147 vin-

745 2189 1062 2266 dicarent
1105 2189 1239 2266 sese
1285 2195 1374 2266 ab
1433 2190 1783 2288 inpotenti
1828 2190 2313 2266 dominatione
2365 2189 2711 2292 Philippi,

743 2311 814 2383 ὅτ,
858 2310 1295 2386 restituerent
1343 2309 1416 2385 in
1462 2309 1769 2410 patrium
1815 2336 1895 2384 ac
1944 2309 2347 2410 legitimum
2380 2337 2713 2412 regnum.

745 2429 1098 2529 Undique
1153 2431 1595 2505 Macedones
1643 2431 2116 2529 expelluntur.
2215 2429 2536 2505 Theium
2578 2457 2715 2528 op-

746 2547 1030 2648 pidum,
1099 2547 1312 2624 literis
1349 2575 1390 2622 a
1424 2551 1719 2624 Zenone
1756 2547 2106 2648 praefecto
2144 2548 2460 2647 praesidii
2494 2550 2711 2624 inter-

745 2667 993 2765 ceptis,
1058 2671 1124 2742 &
1188 2695 1343 2743 arce
1408 2671 1498 2743 ab
1546 2668 1757 2767 regiis
1813 2693 2183 2767 occupata,
2240 2695 2501 2767 paucos
2554 2668 2709 2744 dies

744 2785 1228 2862 obsidentibus
1275 2787 1557 2863 restitit:
1610 2786 1873 2864 deinde
1922 2786 1998 2862 id
2043 2813 2333 2888 quoque
2369 2787 2708 2864 traditum

743 2907 1216 3005 Amynandro
1248 2907 1373 2995 est,
1429 2907 1502 2979 δι
1531 2906 1766 2982 omnis
1802 2906 2232 2982 Athamania
2256 2906 2331 2980 in
2366 2907 2705 3004 potestate

747 3043 917 3113 erat,
967 3047 1239 3125 praeter
1277 3030 1736 3104 Athenaeum
1769 3027 2160 3114 castellum,
2224 3026 2489 3102 finibus
2538 3030 2706 3103 Ma·

743 3143 1084 3220 cedoniae
1115 3144 1534 3244 subjectum.

839 3267 932 3340 11.
1032 3264 1436 3363 Philippus,
1491 3266 1735 3341 audita
1766 3264 2163 3342 defectione
2209 3265 2705 3356 Athamaniae,

741 3409 913 3459 cum
975 3383 1092 3459 sex
1137 3385 1455 3461 millibus
1499 3407 1932 3463 armatorum
1982 3387 2361 3486 profectus,
2434 3386 2709 3486 ingenti

744 3503 1091 3578 celeritate
1147 3507 1524 3604 Gomphos
1569 3505 1913 3604 pervenit.
2013 3505 2124 3582 Ibi
2165 3505 2403 3581 reliEta
2445 3507 2707 3603 majore

742 3645 934 3720 parte
993 3623 1369 3712 exercituS,
1443 3630 1711 3724 (neque
1790 3625 1983 3700 enim
2044 3626 2134 3699 ad
2201 3646 2391 3700 tanta
2456 3625 2709 3700 itinera

739 3741 1213 3837 subfecifl'ent)
1280 3768 1449 3819 cum
1503 3745 1788 3820 duobus
1847 3744 2163 3821 millibus
2220 3747 2703 3834 Athenaeum,

740 3863 943 3959 quod
996 3888 1226 3937 unum
1259 3889 1300 3936 a
1330 3863 1669 3961 praefidio
1704 3863 1827 3939 suo
1862 3885 2212 3940 retentum
2248 3863 2497 3952 fuerat,
2548 3890 2705 3962 per·

741 3978 958 4056 venit.
1057 3983 1262 4070 Inde,
1324 3981 1668 4080 proximis
1704 3983 2007 4072 tentatis,
2060 4009 2290 4084 quum
2324 3982 2529 4059 facile
2551 3984 2704 4058 ani-

743 4099 1236 4191 madvertifl‘et,
1272 4123 1499 4178 cetera
1529 4101 1999 4193 hostilia-effe,
2038 4103 2416 4202 Gomphos
2446 4103 2702 4202 regres-
