3100 5359
1008 656 1472 729 Lunna
1574 647 1743 728 XL.
2232 671 2379 750 425

414 829 734 918 admoto,
782 847 1102 926 potatum
1157 823 1472 900 indicem
1525 827 1659 900 esse
1710 822 2097 920 adpareret.
2193 825 2389 898 Con-

417 951 738 1051 spectum
769 947 1048 1026 tortoris
1072 947 1593 1042 verberumque
1620 971 1761 1018 non
1787 941 2146 1016 sustinuit:
2200 942 2391 1016 ordi-

419 1097 736 1172 nemque
769 1093 1062 1146 otnnem
1089 1063 1420 1142 facinoris
1455 1067 1850 1163 legatorum
1876 1061 2389 1162 ministeriique

417 1191 525 1268 sui
557 1189 908 1290 exposuit.
1009 1187 1400 1285 Extemplo
1427 1185 1635 1272 miffi,
1686 1171 1819 1282 qui
1874 1186 2139 1284 legatos
2194 1211 2393 1260 com·

417 1313 966 1413 prebenda-ent,
1016 1307 1444 1395 Philoclem,
1493 1306 1627 1404 qui
1675 1302 1992 1404 praesens
2044 1326 2215 1394 erat,
2264 1307 2397 1380 ob·-

419 1435 838 1533 prefl'erunt:
873 1431 1186 1528 Apelles,
1216 1429 1462 1504 miffus
1478 1429 1569 1502 ad
1592 1428 1979 1502 Chaeream
2001 1427 2393 1523 quemdam

421 1537 1016 1653 persequendum,
1067 1535 1340 1624 indicio
1384 1545 1628 1648 Xychi
1676 1546 1950 1633 audito,
2003 1545 2079 1619 in
2120 1545 2395 1620 Italiam

419 1671 710 1770 trajecit.
819 1674 938 1746 De
977 1670 1298 1746 Philocle
1352 1668 1532 1744 nihil
1600 1666 1771 1744 certi
1830 1668 2203 1766 vulgatum
2268 1667 2391 1740 est.

423 1791 570 1868 Alii
595 1787 828 1890 primo
855 1789 1217 1866 audaciter
1251 1811 1657 1888 negantem,
1710 1787 2089 1887 postquam
2115 1785 2193 1860 in
2224 1811 2397 1862 con-

417 1912 742 2012 spefium
759 1912 1116 1984 adduc'tus
1137 1909 1219 1982 fit
1245 1909 1572 2008 Xychus,
1608 1935 1757 1991 non
1781 1910 1965 1984 ultra
1988 1906 2391 1995 tetendiffe3

419 2033 542 2110 alii
603 2052 952 2107 tormenta
1001 2029 1218 2104 etiam
1257 2027 1696 2104 inficiantem
1749 2028 2145 2128 perpeffum
2186 2031 2425 2104 adfir··

421 2173 644 2228 mant.
745 2150 1084 2248 Philippo
1133 2148 1645 2250 redintegratus
1678 2145 1780 2224 est
1808 2150 2047 2224 lucius
2078 2150 2397 2248 gemina-

423 2273 710 2372 tusque:
763 2273 833 2346 ὅτ
869 2269 1356 2346 infelicitatem
1391 2269 1590 2344 suam
1612 2267 1685 2342 in
1716 2267 1953 2344 liberis
1974 2267 2399 2368 graviorem,

422 2393 624 2492 quod
658 2393 832 2466 alter
863 2387 1166 2488 periffet,
1219 2389 1567 2466 censebat.

515 2513 718 2588 LVI.
830 2509 1148 2598 Perseus,
1217 2510 1474 2586 certior
1531 2510 1761 2587 factus
1817 2507 2061 2586 omnia
2109 2512 2399 2587 detecta

423 2635 590 2720 effe,
623 2629 990 2730 potentior
1042 2604 1344 2730 quidetn
1393 2651 1573 2720 erat,
1618 2657 1837 2730 quam
1882 2653 1965 2706 ut
1996 2629 2243 2730 fugam
2278 2657 2405 2706 ne-

425 2748 782 2828 ceffasiam
843 2751 1162 2826 duceret.
1255 2754 1605 2838 Tantum,
1670 2773 1755 2826 ut
1810 2753 2061 2850 procul
2117 2751 2405 2840 abeffet,

425 2875 743 2960 curabat,
791 2867 1078 2948 interim
1115 2871 1311 2946 velut
1350 2875 1442 2948 ab
1483 2871 1825 2950 incendio
1850 2870 2249 2971 flagrantis
2232 2895 2403 2959 irae,

424 2994 608 3068 dum
645 2990 1024 3091 Philippus
1073 2989 1366 3080 viveret,
1415 2991 1482 3066 se
1516 2992 1953 3068 defensurus.
2047 2991 2230 3091 Qu,
2284 2987 2405 3086 spe

429 3109 766 3212 potiundi
822 3111 914 3186 ad
965 3137 1269 3209 poenam
1322 3112 1633 3211 corporis
1684 3107 1833 3208 ejus
1876 3111 2149 3202 amissa,
2200 3115 2405 3212 quod

429 3231 792 3332 reliquum
825 3251 994 3320 erat,
1047 3231 1128 3306 id
1175 3231 1482 3320 studere,
1537 3259 1631 3308 ne
1676 3231 1885 3330 super
1929 3231 2407 3331 inpunitatem

424 3351 639 3430 etiam
671 3351 988 3450 praemio
1015 3349 1285 3427 sceleris
1317 3349 1689 3426 frueretur.
1788 3352 2247 3452 Antigonum
2268 3351 2405 3453 igi-

427 3496 546 3549 tur
583 3474 933 3573 adpellat3
985 3471 1104 3548 cui
1159 3476 1228 3546 ὅτ
1280 3471 1512 3569 palam
1558 3471 1723 3547 faeci
1777 3472 2140 3571 parricidii
2185 3472 2407 3573 gratia

426 3592 793 3672 obnoxius
816 3613 986 3680 erat,
1025 3575 1256 3691 neque
1291 3592 1717 3691 pudendum
1738 3613 1864 3668 aut
1883 3594 2408 3690 poenitendum

429 3739 602 3791 eum
643 3738 890 3813 regern
927 3710 1490 3800 Macedonibus,
1537 3733 1823 3811 propter
1874 3735 2229 3790 recentem
2282 3739 2407 3811 pa-

429 3833 578 3910 trui
609 3832 962 3933 Antigoni
995 3830 1324 3934 gloriam,
1373 3832 1524 3907 fore
1558 3832 1903 3908 censebat.
2006 3844 2056 3880 “
2087 3833 2407 3934 Qando

429 3967 486 4001 “
521 3955 782 4030 ineam
811 3953 1172 4028 fortunam
1190 3953 1428 4040 veni,”
1479 3953 1743 4051 iuquit,
1796 3964 1847 3998 “
1886 3953 2279 4052 Antigone,
2319 3973 2405 4028 ut

434 4087 488 4121 “
525 4073 788 4152 orbitas
813 4073 1026 4164 mihi,
1053 4100 1278 4173 quam
1301 4073 1420 4150 alii
1449 4074 1883 4174 detestanta:
1897 4081 2241 4174 patentes,
2276 4099 2403 4173 op-
