3100 5359
763 723 896 793 116
1421 721 2055 794 T.L1vrr

765 886 831 962 se
899 889 1157 964 deditis
1206 893 1410 980 velle,
1495 894 1761 968 clamor
1824 891 2151 992 undique
2206 891 2309 966 est
2382 889 2715 978 sublatus,

768 1019 818 1052 “
855 1007 1236 1108 indignum
1267 1011 1539 1086 facinus
1564 1015 1725 1100 effe,
1792 1009 2284 1098 PhocaeenseS,
2320 1035 2715 1108 numquam

770 1137 819 1170 ‘⁶
857 1130 1036 1202 fidos
1071 1128 1318 1218 socios,
1351 1129 1623 1228 semper
1652 1131 1935 1206 infestos
1962 1131 2217 1218 hosteS,
2268 1129 2535 1228 inpune
2568 1130 2715 1201 elu-

770 1256 819 1289 “
857 1248 1087 1321 dere.”
1147 1253 1270 1322 Ab
1291 1252 1420 1324 hac
1441 1275 1645 1337 voce,
1678 1251 1873 1324 velut
1902 1253 2096 1349 figno
2128 1277 2171 1322 a
2198 1269 2505 1347 praetore
2524 1249 2715 1332 datu,

769 1368 859 1440 ad
894 1365 1365 1466 diripiendam
1399 1371 1653 1443 urbem
1706 1371 1941 1467 paffim
1988 1367 2478 1443 discurrerunt.
2577 1371 2719 1439 Ae-

768 1485 1006 1559 milius
1030 1485 1263 1585 primo
1289 1487 1582 1561 resistere
1608 1492 1677 1562 &
1704 1513 2048 1575 revocare,
2076 1487 2411 1573 dicend0,
2472 1495 2521 1528 “
2558 1509 2716 1581 cap-

769 1613 820 1646 “
857 1627 982 1692 tar»,
1023 1631 1164 1678 non
1193 1605 1494 1693 deditas,
1556 1606 1771 1704 diripi
1820 1609 2030 1681 urbes
2060 1636 2076 1678 ε
2130 1609 2199 1678 δι
2236 1603 2309 1678 in
2342 1603 2453 1678 his
2480 1624 2717 1678 tamen

769 1735 820 1768 “
857 1724 1224 1799 arbitrium
1243 1727 1377 1798 effe
1411 1723 1873 1822 imperatoris,
1906 1750 2049 1799 non
2070 1722 2452 1797 rnilitum.’'
2522 1721 2715 1796 Post-

767 1869 984 1941 quam
1042 1843 1144 1918 ira
1192 1845 1268 1916 &
1329 1844 1613 1918 avaritia
1670 1843 1971 1941 imperio
2046 1841 2439 1941 potentiora
2496 1859 2712 1928 erant,

761 1963 1222 2061 praeconibus
1271 1988 1395 2061 per
1444 1967 1701 2036 urbem
1763 1961 1999 2049 miflis,
2064 1961 2317 2035 liberos
2368 1987 2615 2034 omnes
2644 1959 2717 2034 in

765 2081 1002 2155 forum
1031 2084 1120 2156 ad
1155 2081 1217 2155 se
1249 2081 1625 2156 convenire
1664 2083 1897 2178 jubet,
1964 2107 2053 2155 ne
2106 2079 2577 2158 violarentur:
2648 2084 2715 2154 δι

767 2199 842 2273 in
889 2201 1252 2287 omnibus,
1321 2226 1502 2298 quae
1537 2201 1743 2299 ipfius
1778 2201 2129 2299 potestatis
2172 2199 2482 2286 filerunt,
2546 2199 2714 2272 fides

767 2320 1078 2393 constitit
1109 2318 1458 2416 praetoris.
1529 2323 1835 2407 Urbem,
1858 2318 2221 2418 agrosque,
2254 2325 2323 2393 &
2354 2318 2505 2396 suas
2530 2321 2712 2417 leges

769 2437 854 2514 iis
887 2438 1225 2514 restituitt
1279 2444 1374 2527 &,
1439 2439 1611 2535 quia
1648 2441 1797 2534 jam
1850 2438 2073 2513 hiems
2104 2440 2503 2536 adpetebat,
2532 2439 2713 2512 Pho-

767 2585 970 2633 caeae
995 2581 1236 2655 portus
1265 2559 1358 2630 ad
1391 2557 1915 2631 hibernandum
1949 2559 2129 2631 claffi
2157 2557 2444 2656 delegit.

866 2678 1220 2751 XXXIII.
1352 2679 1486 2751 Per
1566 2677 1759 2752 idem
1844 2676 1984 2751 fere
2060 2697 2343 2774 tempus
2424 2673 2714 2762 consuli,

765 2793 1167 2893 transgresso
1257 2793 1657 2869 Aeniorum
1758 2795 2426 2893 Maronitarumque
2519 2796 2717 2882 fines,

761 2913 1159 3000 nunciatur,
1192 2912 1452 2986 victam
1479 2913 1745 3012 regiam
1777 2915 2049 2988 classem
2082 2917 2173 2988 ad
2208 2911 2715 3012 Myonnesum,

763 3033 1215 3131 relictamque
1243 3059 1284 3106 a
1301 3032 1635 3131 praesidio
1655 3033 2171 3130 Lysimachiam
2194 3036 2350 3107 effe.
2416 3035 2503 3108 Id
2534 3036 2716 3108 mul-

763 3173 866 3239 t0,
933 3177 1152 3249 quam
1187 3154 1276 3226 de
1325 3151 1552 3227 navali
1592 3149 1912 3239 victoria,
1962 3151 2206 3226 laetius
2238 3151 2417 3230 fuit:
2468 3151 2719 3249 utique

764 3272 1141 3370 postquam
1181 3299 1268 3346 eo
1298 3292 1669 3358 venerunt,
1725 3269 2111 3368 refertaque
2169 3274 2341 3345 urbs
2392 3272 2717 3345 omnium

767 3416 1002 3465 rerum
1035 3390 1574 3478 commeatibuS,
1624 3391 1819 3464 velut
1858 3388 1931 3462 in
1966 3391 2351 3463 adventurn
2375 3388 2719 3464 exercitus

645 3611 651 3620 .
763 3511 1204 3607 praeparatis,
1239 3537 1358 3584 eos
1383 3508 1711 3607 excepi't3
1770 3508 1899 3584 ubi
1922 3507 2236 3606 inopiam
2268 3509 2595 3584 ultimam
2622 3511 2718 3581 la-

763 3635 1155 3726 boremque
1217 3627 1294 3702 in
1343 3629 1727 3703 obfidenda
1774 3631 1951 3701 urbe
2004 3625 2129 3702 fibi
2196 3627 2719 3725 proposuerant.

761 3750 875 3826 Ibi
898 3773 1160 3848 paucos
1192 3746 1342 3820 dies
1367 3745 1609 3820 stativa
1628 3749 1959 3834 habuere,
1986 3766 2071 3819 ut
2090 3743 2577 3845 inpedimenta
2599 3773 2715 3822 ae-

762 3867 1012 3968 grique
1032 3864 1645 3962 consequerentur,
1672 3865 1801 3962 qui
1836 3867 2075 3962 paffim
2094 3891 2217 3962 per
2236 3865 2479 3942 omnia
2494 3869 2717 3941 Thra-

761 3987 908 4063 ciae
941 3985 1238 4072 castella,
1289 3982 1432 4056 feffi
1493 3983 1759 4058 morbis
1792 4009 1873 4058 ac
1910 3983 2357 4083 longitudine
2404 3985 2583 4070 viae,
2612 4009 2716 4060 re-

763 4107 911 4180 liai
975 4125 1187 4180 erant.
1285 4103 1625 4202 Receptis
1686 4103 2051 4191 omnibus,
2132 4103 2412 4203 ingreffi
2490 4101 2721 4180 rursus
