3100 5359
965 678 1040 753 L
1081 702 1110 750 1
1169 702 1212 751 B
1269 702 1313 750 ε
1369 702 1418 749 R
1519 676 1881 751 XXXIX.
2246 702 2387 777 299

406 862 464 901 “
499 852 603 927 fiti
664 851 878 926 nimis
931 853 1136 929 avide
1200 880 1469 929 meram
1513 851 1911 927 haurientes
1962 849 2380 926 libertatem.

409 985 463 1020 “
500 975 778 1072 Itaque,
839 972 1198 1047 servorum
1245 974 1466 1047 modo
1522 993 1791 1071 praeter
1854 970 2049 1069 spem
2096 992 2380 1069 repente

409 1104 464 1140 “
502 1092 1113 1182 manumifforum‚
1181 1092 1542 1167 licentiam
1585 1090 1782 1167 vocis
1833 1095 1900 1165 ὅτ
1939 1090 2224 1189 linguae
2256 1118 2381 1165 ex-

411 1225 464 1259 “
499 1213 736 1311 periri,
793 1217 862 1285 ὅτ
907 1213 1166 1308 jactare
1229 1211 1364 1286 sese
1429 1212 1879 1286 insectatione
1928 1216 1999 1285 &
2052 1210 2381 1285 convitiis

409 1340 466 1381 ‘·‘
503 1332 1034 1405 dominorum.'’
1197 1334 1442 1407 Elatus
1535 1333 1799 1406 deinde
1897 1331 1997 1405 ira
2094 1330 2379 1427 adjecit,

409 1462 464 1500 “
501 1453 855 1525 Nondum
892 1451 1221 1527 omnium
1255 1451 1536 1527 dierum
1562 1451 1779 1527 solem
1806 1450 2209 1527 occidiffe.'‘
2290 1452 2378 1525 Id

409 1570 780 1673 minaciter
820 1571 1126 1658 dictum,
1175 1598 1320 1667 non
1356 1573 1665 1646 Thessali
1704 1573 1923 1646 modo
1956 1571 2033 1645 in
2065 1569 2227 1659 sese,
2262 1569 2383 1645 sed

409 1691 626 1766 etiam
689 1690 997 1766 Romani
1062 1714 1506 1788 acceperunt.
1612 1696 1707 1766 Et
1766 1717 1997 1791 quum
2056 1690 2381 1765 fremitus

409 1810 570 1909 post
625 1837 783 1884 eam
842 1837 1091 1886 vocem
1136 1832 1354 1898 ortus,
1409 1818 1478 1887 ὅτ
1534 1814 1822 1887 tandem
1876 1810 2151 1888 sedatus
2189 1814 2380 1901 effet,

411 1932 972 2004 Perrhaeborum
1029 1930 1194 2005 inde
1256 1934 1896 2029 Athamanumque
1974 1930 2219 2030 legatis
2274 1958 2381 2007 re-

409 2048 724 2147 spondit,
763 2060 814 2092 “
850 2052 1231 2140 Eamdem‚
1264 2052 1355 2124 de
1387 2050 1651 2149 quibus
1681 2050 1779 2125 illi
1814 2073 2049 2150 agant,
2080 2050 2382 2127 civitati-

411 2180 466 2218 ⁶‘
503 2194 630 2243 um
658 2172 962 2245 cauffam
989 2172 1143 2243 effe.
1245 2168 1631 2245 Consulem
1659 2169 1984 2245 Acilium
2014 2175 2081 2244 &
2110 2174 2382 2246 Roma-

410 2300 464 2337 “
503 2316 630 2362 nos
684 2288 808 2363 fibi
868 2288 1134 2363 dediffe
1180 2316 1320 2379 eaS‚
1357 2316 1589 2389 quum
1624 2290 1939 2365 hostium
1968 2292 2205 2365 effent.
2303 2290 2380 2364 Si

409 2420 464 2459 “
502 2409 709 2483 suum
773 2434 1068 2496 munuS,
1138 2409 1268 2507 qui
1333 2409 1706 2498 dedissent,
1766 2408 2079 2485 adimere
2130 2408 2378 2497 velint,

409 2540 460 2580 “
495 2527 664 2603 scire
694 2527 786 2616 se,
819 2529 1228 2603 cedendum
1265 2528 1398 2603 effe
1428 2561 1446 2603 t
1501 2527 1622 2603 sed
1652 2529 1927 2605 meliori
1961 2556 2041 2605 ac
2072 2530 2376 2606 fideliori

407 2660 464 2698 “
500 2650 760 2738 amice,
789 2648 865 2722 in
894 2648 1191 2747 gratiam
1224 2648 1496 2723 levium
1532 2653 1601 2722 &
1634 2648 1999 2723 inutilium
2030 2648 2383 2726 sociorum

409 2781 464 2819 “
506 2768 833 2865 injuriam
897 2796 1017 2843 eos
1077 2770 1209 2842 effe
1262 2767 1589 2843 facturos·
1689 2773 1849 2845 Nec
1917 2769 2111 2845 enim
2164 2770 2381 2845 ullius

407 2898 464 2941 ‘⁶
503 2887 605 2963 rei
631 2888 872 2962 minus
927 2886 1345 2962 diuturnam
1393 2890 1528 2962 effe
1560 2888 1883 2987 gratiam,
1918 2914 2138 2986 quam
2167 2890 2377 2966 liber-

409 3020 466 3053 “
502 3008 702 3083 tatis:
755 3005 1154 3107 praesertim
1205 3008 1398 3104 apud
1452 3034 1599 3105 eos,
1664 3007 1795 3105 qui
1860 3013 2045 3084 rnale
2104 3012 2380 3085 utendo

411 3140 468 3174 “
506 3154 664 3203 eam
700 3126 1118 3225 conrupturi
1147 3130 1345 3202 fint.'’
1444 3130 1697 3202 Caufl'a
1720 3128 2030 3227 cognita,
2066 3156 2379 3228 pronun-

403 3250 773 3325 ciaverunt
795 3246 1035 3347 legati,
1095 3258 1144 3291 ‘⁶
1183 3249 1494 3335 Placere,
1542 3247 1809 3345 deduci
1845 3250 2180 3346 praefidia
2209 3252 2377 3326 Ma-

407 3380 464 3419 “
503 3370 862 3443 cedonum
891 3394 982 3441 ex
1015 3366 1100 3442 iis
1120 3368 1446 3456 urbibus,
1469 3372 1538 3441 ὅτ
1566 3367 1878 3466 antiquis
1904 3368 2378 3445 Macedoniae

409 3500 465 3540 “
503 3486 820 3562 terminis
865 3514 1169 3586 regnum
1197 3486 1410 3561 finiri.
1511 3491 1627 3563 De
1662 3485 1959 3583 injuriiS,
1983 3514 2159 3587 quas
2191 3490 2379 3565 ultro

405 3620 457 3660 1‘
497 3608 820 3704 citroque
875 3606 1119 3682 inlatas
1170 3628 1583 3706 querantur,
1612 3632 1763 3707 quo
1794 3608 2018 3681 modo
2054 3608 2232 3684 inter
2265 3636 2378 3684 eas

407 3740 464 3773 ‘⁶
503 3747 748 3828 gentes
781 3731 851 3801 ὅτ
879 3730 1320 3801 Macedonas
1353 3726 1806 3826 disceptetur,
1838 3724 2219 3803 formulam
2256 3730 2377 3826 ju-‘

403 3860 460 3901 4‘
495 3848 587 3922 ris
616 3845 1059 3946 exsequendi
1083 3845 1657 3922 constituendam
1684 3850 1888 3921 effe.''
2360 3868 2369 3877 ·

507 3969 822 4043 XXVII.
922 3967 1127 4054 Inde,
1193 3964 1492 4065 graviter
1542 3964 1837 4041 obfenso
1865 3992 2053 4065 rege,
2090 3970 2374 4044 Theffa·

403 4088 692 4165 lonicen
735 4089 829 4163 ad
876 4085 1456 4187 cognoscendum
1509 4088 1603 4160 de
1662 4086 2009 4161 Thraciae
2074 4087 2374 4163 urbibus
