3100 5359
935 683 1396 757 Lrnzn
1499 682 1858 761 XXXVI.
2342 710 2383 789 7

403 849 590 929 sunt.
688 854 984 931 Senatus
1039 852 1164 943 ita,
1213 875 1300 931 ut
1327 855 1422 930 ad
1472 880 1709 931 unum
1738 878 1987 931 omnes
2036 853 2385 933 consenti-

401 992 586 1063 rent,
636 973 996 1065 decrevit,.
1028 973 1475 1051 vacationem
1529 976 1633 1051 rei
1666 976 1929 1052 navalis
1958 976 2073 1052 his
2110 974 2387 1051 colonis

402 1119 552 1168 non
586 1096 744 1169 effe.
819 1092 1071 1183 ostia,
1106 1094 1181 1167 &
1209 1097 1596 1196 Fregenae,
1624 1096 1699 1169 &
1727 1096 2055 1171 Castrum
2080 1122 2382 1187 novum,

401 1217 474 1289 &
507 1214 750 1315 Pyrgi,
799 1214 877 1287 δε
909 1214 1252 1305 Antium,
1305 1220 1372 1291 δι
1403 1216 1808 1306 Tarracina,
1845 1221 1913 1291 &
1935 1216 2384 1306 Minturnae,

396 1334 478 1407 &
497 1320 812 1411 Sinueffa
828 1334 1145 1427 fuemnt,
1173 1362 1357 1435 quae
1378 1360 1552 1412 cum
1578 1358 1889 1435 praetore
1902 1338 1993 1411 de
2019 1336 2384 1412 vacatione

398 1476 870 1530 certaverunt.
971 1455 1240 1532 Consul
1274 1456 1536 1533 deinde
1574 1460 1713 1533 Μ’.
1766 1456 2046 1533 Acilius
2080 1482 2171 1533 ex
2192 1456 2383 1531 sena-

399 1573 839 1651 tusconsulto
867 1578 960 1652 ad
993 1576 1385 1677 collegium
1419 1576 1782 1653 fecialium
1818 1578 2093 1653 retulit:
2176 1588 2228 1620 “
2264 1578 2380 1675 Ip-

403 1702 462 1739 “
499 1699 637 1771 fine
664 1695 1099 1799 utique-regi
1121 1698 1492 1778 Antiocho
1513 1697 1945 1773 indiceretur
1971 1700 2269 1787 bellum,
2290 1724 2381 1773 an

399 1825 456 1861 “
490 1818 584 1891 ad
599 1816 1027 1915 praesidium
1047 1818 1548 1893 nunciaretur?
1583 1823 1653 1891 ὅτ
1676 1843 1855 1893 num
1891 1817 2165 1893 Aetolis
2197 1843 2381 1917 quo·

402 1948 458 1981 “
486 1962 629 2036 que
649 1936 1014 2037 separatim
1035 1936 1261 2013 indici
1270 1939 1606 2035 juberent
1624 1938 1933 2013 bellum?
1954 1940 2031 2012 &
2048 1964 2227 2013 num
2240 1938 2381 2037 pri-

401 2068 460 2102 “
492 2084 580 2133 us
601 2057 888 2133 societas
905 2058 1005 2133 eis
1027 2063 1094 2135 &
1116 2058 1431 2133 amicitia
1450 2058 1935 2133 renuncianda
1953 2060 2145 2147 esset,
2159 2083 2381 2157 quam

399 2189 457 2223 “
493 2180 766 2253 bellum
809 2176 1284 2255 indicendum
1311 2182 1386 2253 ?''
1485 2177 1797 2253 Feciales
1831 2176 2376 2276 responderunt:

400 2308 458 2342 “
494 2300 660 2393 Jam
686 2319 846 2373 ante
880 2297 1042 2388 sese,
1078 2324 1309 2396 quum
1338 2300 1429 2373 de
1451 2297 1791 2400 Philippo
1820 2296 2377 2389 consulerentur,

405 2426 460 2463 ‘⁸
495 2418 826 2509 decreffe,
875 2418 1059 2493 nihil
1081 2419 1359 2511 referre,
1413 2419 1536 2517 ipfi
1572 2444 1837 2507 coram,
1888 2445 1978 2491 an
2011 2419 2101 2492 ad
2134 2420 2379 2517 praefi-

403 2547 459 2582 “
495 2536 730 2627 dium,
801 2534 1278 2616 nunciaretur.
1399 2538 1827 2615 Amicitiam
1892 2536 2381 2614 renuntiatam

404 2669 456 2704 “
493 2658 747 2746 videri,
776 2684 1010 2758 quum
1030 2659 1304 2760 legatis,
1339 2660 1546 2735 toties
1580 2658 2058 2758 repetentibus
2078 2684 2209 2746 res,
2246 2684 2382 2732 nec

403 2789 458 2824 ‘⁶
495 2778 728 2867 reddi,
762 2805 896 2853 nec
925 2778 1236 2854 satisfieri
1263 2805 1579 2877 aequum
1615 2778 2053 2855 censuissent.
2152 2783 2381 2852 Aeto-

401 2910 459 2945 “
495 2901 602 2975 los
626 2900 816 2975 ultro
843 2899 968 2974 fibi
1003 2900 1274 2974 bellum
1310 2898 1665 2987 indixiffe,
1716 2924 1951 2999 quum
1982 2896 2378 2972 Demetria-

403 3030 458 3063 “
496 3020 690 3108 dem,
754 3017 1110 3094 sociorum
1161 3023 1440 3108 urbem,
1501 3045 1628 3119 per
1675 3018 1828 3093 vim
1882 3019 2377 3116 occupaffentt

401 3150 458 3184 “
493 3138 918 3215 Chalcidem
971 3160 1148 3215 terra
1199 3139 1520 3237 marique
1574 3140 2077 3238 obpugnatum
2128 3137 2376 3225 iffent3

405 3270 458 3305 “
491 3285 735 3359 regem
780 3258 1232 3335 Antiochum
1279 3259 1354 3333 in
1403 3263 1765 3356 Europam
1808 3258 1900 3334 ad
1948 3258 2218 3332 bellum
2250 3282 2380 3354 po-

404 3390 456 3423 ‘⁶
492 3382 669 3479 pulo
701 3383 1040 3455 Romano
1074 3379 1526 3455 inferendum
1568 3376 2096 3452 traduxiffent.”
2196 3379 2379 3451 Om-

401 3499 620 3576 nibus
665 3500 818 3596 jam
870 3499 1026 3575 satis
1079 3500 1523 3598 comparatiS,
1596 3500 1737 3573 M'.
1798 3494 2080 3572 Acilius
2134 3494 2381 3571 consul

407 3623 680 3699 edixitz
760 3631 811 3666 ‘⁶
859 3624 998 3709 Ut,
1049 3646 1232 3719 quos
1291 3623 1384 3695 L.
1439 3616 1829 3720 Qinffius
1899 3614 2158 3689 milites
2212 3642 2380 3689 con·

410 3755 460 3788 “
499 3742 879 3843 scripfiffet,
954 3742 1030 3813 &
1091 3766 1272 3839 quos
1332 3737 1535 3813 sociis
1618 3736 2044 3835 nominique
2112 3735 2380 3811 Latino
2470 3836 2475 3841 ·

410 3874 462 3909 “
497 3864 920 3963 imperaffet,
971 3885 1156 3959 quos
1189 3860 1428 3934 secum
1463 3858 1538 3931 in
1573 3856 2011 3955 provinciam
2042 3855 2138 3929 ire
2172 3879 2379 3953 opor·

409 3995 460 4028 “
498 4006 700 4071 teret,
750 3982 826 4055 δε
856 3979 1130 4062 tribuni
1159 3978 1478 4055 militum
1511 3976 1811 4077 legionis
1845 3974 2112 4075 primae
2147 3975 2219 4046 &
2246 3995 2380 4047 ter-

410 4114 460 4149 “
499 4103 664 4194 tiae,
715 4102 824 4179 uti
861 4126 1110 4178 omnes
1141 4098 1595 4177 Brundifium
1644 4095 1895 4172 Idibus
1939 4094 2157 4192 Majis
2210 4118 2379 4169 con·

1343 4242 1496 4341 1³5
