3100 5359
794 749 888 822 66
1370 745 2227 831 T.L1v11,&c.

796 921 1211 1019 press'erunt,
1264 919 1545 995 Rhodii
1600 918 1678 992 ὅτ,
1732 921 2098 994 Eumenes
2156 920 2414 994 domos
2465 915 2773 993 dimiffi=

796 1039 1141 1132 Romani,
1210 1038 1484 1114 Chium
1544 1058 1889 1138 petentes,
2001 1038 2577 1114 Phoenicuntem
2630 1039 2773 1139 pri-

798 1189 1002 1238 mum
1035 1182 1325 1259 portum
1364 1162 1786 1258 Erythraeae
1818 1181 2035 1234 terrae
2069 1161 2551 1259 praetervecti,
2607 1187 2777 1238 noc-

798 1305 868 1358 te
891 1274 1227 1358 'anchoris
1247 1279 1481 1377 jac‘tiS,
1527 1279 1808 1380 postero
1840 1280 1960 1355 die
1994 1278 2072 1355 in
2105 1279 2408 1358 insulam
2442 1285 2532 1359 ad
2557 1283 2780 1382 ipsam

795 1407 1055 1479 urbem
1089 1401 1533 1497 trajecerunt.
1599 1399 1760 1477 Ubi
1787 1425 2054 1501 paucos
2079 1399 2233 1477 dies
2265 1402 2540 1505 remige
2573 1427 2772 1479 max-

801 1525 942 1600 ime
996 1521 1381 1598 reficiendo
1455 1521 1736 1610 morati,
1806 1525 2210 1598 Phocaeam
2274 1523 2778 1601 transmittunt.

792 1643 906 1720 Ibi
939 1641 1197 1718 relictis
1226 1642 1319 1716 ad
1351 1641 1774 1739 praesidium
1815 1642 2010 1719 urbis
2043 1665 2352 1745 quatuor
2404 1643 2770 1744 quinque·

794 1763 1134 1851 semibus,
1170 1763 1261 1836 ad
1292 1764 1519 1837 Canas
1555 1763 1772 1837 classis
1805 1763 2043 1839 venit:
2097 1768 2194 1851 &,
2231 1789 2465 1862 quum
2485 1765 2639 1861 jam
2665 1764 2777 1841 hi-

795 1913 949 1962 ems
1007 1885 1395 1984 adpeteret,
1466 1881 1639 1957 foss'a
1679 1885 2014 1983 valloque
2054 1883 2516 1960 circumdatis
2563 1912 2779 1962 naves

794 2005 1208 2082 subductae.
1312 2002 1535 2079 Exitu
1598 2003 1767 2078 anni
1822 2003 2117 2080 comitia
2168 2007 2450 2081 Romae
2505 2007 2776 2096 habita,

792 2127 1061 2227 quibus
1095 2122 1309 2202 creati
1344 2121 1507 2198 sunt
1540 2123 1862 2201 consules
1893 2127 1990 2201 L.
2019 2126 2396 2201 Cornelius
2423 2129 2668 2230 Scipio
2701 2137 2771 2208 δε

789 2251 877 2324 C.
946 2245 1263 2334 Laelius,
1349 2242 1799 2320 intuentibus
1865 2244 2142 2321 cunctis
2207 2249 2298 2322 ad
2366 2248 2774 2328 finiendum

790 2395 962 2445 cum
984 2367 1355 2444 Antiocho
1375 2367 1672 2440 bellum.
1771 2365 2061 2441 Postero
2087 2366 2207 2442 die
2241 2390 2588 2466 praetores
2615 2397 2766 2447 cre·

785 2487 910 2576 ati,
971 2489 1089 2561 Μ.
1125 2485 1477 2574 Tuccius,
1542 2489 1636 2560 L.
1660 2488 2223 2584 Aurunculeius»,
2264 2491 2402 2565 Cn.
2441 2491 2770 2583 Fulvius,

788 2611 883 2685 L.
913 2606 1297 2695 Aemilius,
1335 2611 1415 2682 P.
1450 2605 1747 2702 Junius,
1808 2609 1896 2684 C.
1920 2606 2214 2686 Atinius
2247 2611 2519 2687 Labeo.
