3100 5359
995 760 1451 833 Ltnan
1557 760 1725 833 XL.
2214 782 2355 860 355

388 931 635 1007 omnia
678 934 953 1007 tuendo
998 930 1391 1031 suspectum
1439 932 1521 1009 se·
1545 934 1726 1031 patri
1759 934 1833 1007 δε
1863 956 2350 1032 opportunum

386 1052 809 1129 criminibus
860 1052 1181 1129 faciebat.
1278 1056 1525 1151 Itaque
1559 1076 1916 1153 expertem
1955 1080 2121 1129 eum
2159 1074 2352 1153 pate-r

390 1172 721 1247 omnium
762 1175 853 1248 de
884 1176 1091 1249 rebus
1136 1173 1486 1247 Romanis.
1518 1174 1970 1249 consiliorum
2023 1178 2350 1250 habebat.

390 1295 625 1368 Totus
679 1294 753 1367 in
808 1294 1051 1369 Persea
1084 1294 1342 1381 versus,
1398 1316 1568 1368 cum
1589 1320 1676 1368 eo
1707 1294 2171 1395 cogitationes
2203 1296 2348 1391 ejus

390 1414 489 1489 rei
526 1416 677 1490 dies
710 1440 791 1490 ac
826 1417 1067 1489 noctes
1090 1413 1421 1514 agitabat.
1518 1414 1936 1503 Redierant‚
1967 1438 2148 1514 quos
2173 1412 2350 1487 forte

390 1534 665 1609 miserat
696 1534 773 1609 in
809 1535 1159 1610 Bastarnas
1190 1536 1281 1609 ad
1314 1538 1706 1611 arceffenda
1737 1536 2024 1623 auxilia,
2069 1537 2349 1611 addux-

390 1678 727 1755 erantque
778 1656 948 1731 inde
1008 1655 1281 1731 nobiles
1318 1657 1641 1751 juvenes,
1689 1660 1758 1731 &
1792 1658 1968 1755 regii
2003 1656 2352 1755 quosdam

389 1776 705 1877 generis:
758 1798 1067 1875 quorum
1100 1801 1286 1849 unus
1314 1775 1618 1850 sororem
1650 1778 1844 1851 suam
1881 1778 1954 1851 in
1990 1777 2350 1851 matrimo-

389 1896 595 1973 nium
629 1896 945 1995 Philippi
975 1895 1125 1971 filio
1144 1894 1647 1995 pollicebatur:
1700 1920 2150 1994 erexeratque
2177 1922 2348 1973 con·

390 2018 679 2093 sociatio
710 2017 943 2119 gentis
972 2018 1121 2114 ejus
1154 2015 1476 2091 animum
1504 2016 1708 2115 regis.
1808 2021 2006 2090 Tum
2035 2017 2350 2107 Persem,

387 2150 439 2184 “
474 2138 681 2243 Qid
744 2139 871 2213 ista
907 2138 1199 2238 prosunt
1223 2140 1297 2211 ?'’
1390 2136 1650 2237 inquit.
1783 2147 1836 2181 ‘⁶
1871 2140 2354 2237 Nequaquam

392 2270 443 2303 “
480 2280 761 2333 tantum
780 2258 854 2333 in
877 2257 1179 2333 externis
1198 2256 1477 2331 auxiliis
1504 2258 1604 2333 est
1629 2256 1968 2357 praesidii,
1997 2280 2350 2357 quantum

392 2392 443 2425 “
480 2379 777 2478 periculi
846 2378 1090 2455 fraud:
1152 2378 1560 2454 domestica.
1677 2377 2120 2452 Proditorem
2183 2380 2352 2453 nolo

392 2512 445 2545 “
482 2501 744 2588 dicere,
792 2522 977 2574 certe
1031 2498 1535 2598 speculatorem
1604 2500 1946 2573 habemus
2009 2498 2084 2573 in
2157 2501 2350 2573 finuz

393 2632 443 2665 “
480 2622 711 2718 cujus,
762 2646 851 2695 ex
904 2644 1054 2721 quo
1086 2617 1284 2695 obses
1318 2622 1597 2695 Romae
1630 2618 1795 2706 fuit,
1857 2644 2112 2719 corpus
2147 2620 2352 2697 nobis

392 2754 443 2786 ‘⁴
478 2741 945 2816 reddiderunt
970 2739 1311 2827 Rotnani,
1332 2739 1654 2814 animum
1677 2739 1798 2839 ipfi
1826 2742 2110 2815 habent.
2172 2746 2352 2817 Om-

392 2872 445 2907 “
482 2861 689 2935 nium
736 2886 915 2961 pene
982 2860 1475 2934 Macedonum
1522 2858 1598 2933 in
1655 2884 1824 2933 eum
1869 2884 1992 2935 ora
2025 2862 2354 2937 conversa

394 2992 443 3027 “
483 2981 684 3058 sunt:
738 3006 869 3055 nec
904 3006 1143 3079 regern
1174 2978 1240 3053 se
1274 2979 1493 3055 alium
1528 3002 1766 3054 rentur
1791 2980 2156 3055 habituros
2183 2982 2346 3067 effe,

392 3114 445 3147 “
482 3128 703 3201 quarn
730 3126 949 3199 quern
978 3099 1295 3174 Rotnani
1320 3098 1736 3175 dediffent.”
1835 3100 1978 3174 His
1997 3128 2122 3199 per
2139 3098 2204 3177 se
2237 3130 2350 3177 ae·

392 3248 516 3323 gra
573 3248 773 3297 mens
815 3219 993 3295 senis
1036 3217 1546 3294 stimulabatur.
1650 3222 1748 3294 Et
1795 3220 2038 3295 animo
2099 3222 2347 3321 magis,

392 3368 615 3443 quam
646 3342 879 3429 vultu,
928 3366 1011 3415 ea
1041 3338 1333 3413 crimina
1366 3339 1784 3439 accipiebat.

380 3498 387 3505 ·
488 3464 617 3536 v1.
718 3462 929 3536 Forte
990 3458 1325 3533 lustrandi
1390 3459 1738 3535 exercitus·
1785 3460 1982 3535 veni-t
2045 3482 2353 3562 oempmz,

392 3583 595 3680 cujus
627 3581 957 3657 sollemne
992 3578 1091 3655 est
1116 3582 1273 3655 tale.
1363 3582 1600 3679 Caput
1627 3580 1902 3655 mediae
1935 3580 2126 3657 canis
2159 3603 2353 3680 prae-

391 3701 568 3779 cisae
594 3706 665 3777 &
692 3702 884 3801 prior
906 3728 1059 3800 pars
1080 3700 1173 3775 ad
1196 3700 1586 3791 dexteram,
1615 3726 1784 3777 cum
1815 3702 1995 3777 extis
2019 3702 2352 3801 posterior

390 3820 485 3898 ad
518 3824 787 3897 laevam
820 3822 971 3896 viae
1006 3820 1317 3920 ponitur.
1418 3826 1608 3896 Inter
1651 3824 1832 3897 hanc
1867 3821 2161 3896 divisam
2195 3824 2350 3898 hos-

393 3945 565 4019 tiar'n
622 3944 867 4043 copiae
918 3964 1217 4017 armatae
1265 3944 1756 4017 traducuntur.
1857 3944 2354 4020 Praeferuntur

392 4064 625 4165 primo
676 4062 949 4163 agmini
1002 4086 1195 4137 arma
1243 4060 1535 4161 infignia
1572 4062 1902 4137 omniurn
1953 4068 2042 4139 ab
2100 4065 2378 4139 ultima.

393 4184 671 4285 origine
700 4181 1177 4260 Macedoniae
1204 4207 1497 4281 regum:
1551 4181 1814 4257 deinde
1848 4206 1970 4257 rex
2006 4180 2148 4282 ipse
2181 4205 2353 4261 cum
