3100 5359
802 733 897 830 48
1450 733 2080 806 T.L1v11

802 909 1160 1005 ophanem
1218 901 1612 980 concilium
1678 907 2138 990 Achaeorum
2203 925 2438 980 extem
2442 907 2566 1005 plo
2647 904 2776 984 fibi

800 1030 1129 1127 praebere
1164 1026 1380 1123 juffit.
1477 1025 1620 1115 Ibi,
1669 1028 1761 1102 de
1797 1028 2172 1126 Zacyntho
2217 1025 2606 1128 intercepta
2647 1055 2777 1126 per

799 1148 1122 1224 fraudem
1169 1145 1393 1224 insula
1434 1146 1750 1245 questus,
1799 1145 2204 1246 postulavit,
2257 1169 2342 1222 ut
2376 1149 2774 1226 restituere-

798 1289 915 1344 tur
942 1266 1315 1348 Romanis.
1418 1265 1735 1366 Philippi
1759 1269 2256 1344 Macedonum
2285 1267 2466 1368 regis
2489 1271 2774 1368 Zacyn-

792 1388 963 1466 ‘thus
992 1387 1261 1464 fuerat=
1312 1413 1469 1464 eam
1498 1389 1902 1466 mercedem
1936 1390 2412 1487 Amynandro
2445 1391 2766 1478 dederat,

796 1529 881 1586 ut
910 1536 1037 1608 per
1069 1507 1576 1586 Athamaniam
1610 1511 1870 1584 ducere
1917 1508 2314 1586 exercitum
2345 1508 2424 1584 in
2453 1507 2767 1608 superio·

794 1656 947 1722 rem
998 1651 1269 1730 partem
1322 1628 1646 1706 Aetoliae
1699 1627 1963 1704 liceret.
2082 1634 2253 1730 Qa
2305 1629 2766 1729 expeditione

794 1748 1027 1826 fractis
1058 1748 1340 1840 animis,
1392 1751 1688 1826 Aetolos
1722 1747 2074 1849 compulit
2099 1749 2191 1824 ad
2224 1750 2608 1848 petendam
2641 1777 2765 1849 pa-

792 1897 975 1950 cem.
1077 1870 1543 1968 Amynander
1587 1867 2006 1968 Philippum
2066 1869 2767 1969 Megalopolitanum

788 1989 1055 2068 insulae
1096 1988 1471 2090 praefecit:
1524 1989 1763 2089 postea
1793 2016 1920 2088 per
1969 1991 2267 2078 bellum,
2319 2015 2468 2088 quo
2500 1988 2568 2064 se
2603 1995 2763 2066 An-

788 2112 1035 2190 tiocho
1064 2109 1390 2188 adversus
1422 2113 1794 2188 Romanos
1827 2110 2228 2206 conjunxit,
2281 2109 2618 2209 Philippo
2662 2111 2760 2185 ad

786 2231 1039 2310 munia
1088 2229 1253 2308 belli
1308 2251 1662 2320 revocato,
1724 2229 2148 2306 Hieroclem
2198 2229 2762 2331 Agrigentinum

790 2352 1248 2432 successorem
1280 2350 1495 2428 mifit.

883 2473 1205 2550 XXXII.
1305 2473 1398 2560 Is,
1449 2470 1608 2568 post
1651 2469 1900 2569 fugam
1933 2473 2024 2546 ab
2057 2469 2566 2570 Thermopylis
2599 2475 2760 2548 An-

782 2591 1040 2680 tiochi,
1086 2591 1788 2690 Amynandrumque
1833 2617 1879 2666 a
1929 2589 2268 2690 Philippo
2321 2592 2758 2669 Athamania

777 2710 1093 2813 pulsum,
1162 2709 1374 2786 miffis
1429 2712 1618 2786 ultro
1675 2713 1768 2786 ad
1831 2710 2290 2809 Diophanem
2356 2735 2752 2811 praetorem

782 2835 1242 2910 Achaeorum
1295 2831 1604 2920 nunciis,
1674 2830 2056 2930 pecuniam
2106 2833 2380 2929 paetus,
2452 2831 2756 2910 insulam

781 2948 1087 3030 Achaeis
1121 2948 1432 3026 tradidit.
1530 2952 1619 3027 Id
1663 2951 2064 3050 praemium
2113 2951 2280 3027 belli
2327 2951 2538 3028 suum
2582 2957 2748 3044 effe,

778 3097 1093 3174 aequum
1153 3069 1526 3147 censebant
1575 3071 1919 3148 Romani.
2021 3082 2073 3117 “
2121 3074 2298 3147 Non
2349 3071 2548 3148 enim
2602 3076 2748 3150 M’.

778 3204 831 3238 “
867 3191 1193 3271 Acilium
1234 3189 1600 3270 consulem
1651 3189 2106 3292 legionesque
2149 3192 2516 3267 Romanas
2563 3194 2752 3272 Dio-

777 3323 831 3359 “
866 3312 1085 3413 phani
1137 3317 1207 3389 ἃ.
1258 3312 1567 3390 Achaeis
1623 3314 1716 3389 ad
1767 3314 2282 3413 Thermopylas
2338 3316 2748 3413 pugnasse?

776 3431 1191 3534 Diophanes
1238 3433 1565 3512 adversus
1617 3435 1791 3510 haec
1843 3459 2142 3534 purgare
2195 3431 2557 3510 interdum
2607 3433 2748 3511 sese

774 3575 1255 3655 gentemque3
1340 3553 1700 3630 interdum
1765 3555 1856 3630 de
1922 3554 2086 3650 jure
2161 3553 2329 3630 faeti
2393 3553 2746 3633 differere.

770 3673 1095 3778 Qidam
1128 3676 1586 3750 Achaeorum
1629 3677 1699 3750 &
1745 3672 1954 3750 initio
1991 3700 2151 3750 eam
2185 3673 2252 3750 se
2287 3701 2436 3752 rem
2465 3675 2744 3776 adsper-

772 3817 970 3874 natos
1012 3795 1467 3883 testabantur,
1520 3799 1592 3870 δε
1643 3815 1818 3870 tunc
1864 3793 2328 3893 pertinaciam
2367 3795 2744 3896 increpita-

770 3919 947 3992 bant
972 3915 1339 4016 praetoris:
1390 3912 1938 4013 auctoribusque
1963 3914 2050 3990 iis
2077 3917 2444 3992 decretum
2477 3916 2604 4007 est,
2655 3939 2742 3994 ut

768 4039 867 4114 T.
886 4035 1241 4142 Qinffio
1270 4060 1354 4111 ea
1384 4061 1491 4112 res
1522 4033 2060 4132 permitteretur.
2129 4037 2299 4112 Erat
2320 4035 2739 4136 Quinctius,

768 4161 943 4234 ficut
990 4154 1519 4234 adversantibus
1569 4153 1788 4256 asper,
1859 4154 1984 4244 ita,
2053 4157 2102 4232 fi
2153 4157 2464 4246 cederes,
2533 4155 2738 4236 idem
