3100 5359
823 731 898 806 L
947 755 978 806 1
1034 756 1078 807 B
1135 755 1180 806 a
1233 755 1283 806 n
1383 731 1815 810 XXXVIII.
2166 739 2301 836 189

317 907 456 1008 lyn
512 908 790 982 fiumen
843 927 1204 1007 ceperunt.
1302 907 1721 1008 Tantusque
1770 929 1987 986 terror
2051 932 2301 986 eorum

317 1025 648 1102 nominis
704 1046 874 1116 erat,
943 1027 1408 1104 multitudine
1472 1029 1687 1104 etiam
1750 1053 2009 1128 magna
2062 1027 2301 1104 sobole

317 1147 564 1234 aneta,
619 1166 706 1221 ut
753 1146 990 1245 Syriae
1023 1171 1318 1246 quoque
1361 1151 1452 1224 ad
1491 1147 1926 1248 postremum
1954 1172 2151 1247 reges
2184 1145 2303 1222 sti·

317 1267 680 1367 pendium
715 1268 884 1342 dare
919 1293 1064 1343 non
1099 1271 1512 1345 abnuerent.
1612 1269 1894 1346 Primus
1928 1271 2165 1343 Asiam
2196 1265 2306 1342 in-

319 1388 724 1464 colentium
769 1387 1022 1464 abnuit
1065 1391 1376 1478 Attalus,
1437 1407 1633 1488 pater
1668 1388 1853 1488 regis
1905 1387 2294 1464 Eumenis=

323 1507 732 1608 audacique
776 1508 1090 1608 incepto,
1147 1531 1415 1608 praeter
1466 1509 1796 1584 omnium
1857 1507 2297 1606 opinionem,

325 1627 568 1702 adfuit
633 1627 940 1719 fortuna,
1006 1633 1077 1705 sc
1129 1628 1339 1730 {ignis
1407 1628 1702 1705 conlatis
1767 1626 2080 1725 superior
2136 1627 2299 1706 fuit.

329 1749 513 1823 Non
565 1769 800 1824 tamen
855 1747 954 1823 ita
989 1747 1276 1849 infregit
1307 1748 1582 1823 animos
1608 1773 1885 1836 eorum,
1920 1767 2002 1822 ut
2033 1747 2303 1838 absiste-

329 1889 492 1943 rent
515 1867 840 1967 imperi0.
943 1871 1255 1944 Eaedem
1277 1895 1442 1968 opes
1475 1867 1698 1966 usque
1727 1869 1819 1942 ad
1854 1869 2122 1944 bellum
2150 1873 2307 1944 An·

331 1987 562 2064 tiochi
607 2015 780 2064 cum
821 1988 1170 2064 Romanis
1215 1987 1634 2064 manserunt.
1732 1990 1935 2063 Tum
1981 2012 2305 2088 quoque,

331 2106 542 2207 pulso
586 2109 978 2196 Antioche,
1029 2134 1361 2208 magnam
1403 2107 1600 2208 spem
1651 2110 2080 2196 habuerunt,
2132 2107 2307 2207 quia

329 2229 582 2326 procul
621 2228 796 2303 mari
841 2227 1261 2317 incolerent,
1313 2230 1733 2304 Romanurn
1773 2227 2169 2303 exercitum
2214 2229 2307 2304 ad

334 2345 402 2421 se
423 2373 572 2421 non
603 2370 1130 2446 perventurum.

427 2465 672 2544 XVII.
772 2471 967 2546 Cum
1012 2471 1151 2545 hoc
1179 2469 1402 2558 hoste,
1458 2491 1601 2545 tam
1638 2468 1932 2547 terribili
1963 2467 2306 2546 omnibus

341 2585 650 2686 regionis
684 2587 860 2683 ejuS,
901 2587 1074 2688 quia
1090 2591 1361 2665 bellurn
1381 2591 1775 2690 gerendum
1796 2609 1965 2679 erat,
1987 2615 2116 2688 pro
2142 2615 2313 2666 con-

335 2706 543 2782 cione
585 2707 848 2783 milites
893 2707 1205 2784 maxime
1245 2708 1322 2783 in
1357 2711 1552 2785 hunc
1590 2711 1894 2786 modum
1926 2712 2302 2786 adlocutus

339 2827 440 2902 est
472 2827 759 2903 consul:
799 2839 850 2872 ‘⁸
887 2831 1064 2902 Non
1089 2854 1206 2905 me
1235 2829 1590 2927 praeterit,
1622 2829 1909 2920 milites,
1944 2830 2305 2920 omnium,

340 2957 392 2993 ⁸⁸
426 2973 612 3046 quae
658 2949 896 3023 Afiam
934 2949 1206 3038 colunt,
1253 2947 1579 3048 gentium
1620 2952 1865 3025 Gallos
1908 2950 2097 3026 fama
2134 2950 2305 3028 belli

339 3079 392 3116 ⁸⁸
425 3067 786 3168 praestare.
903 3071 1095 3144 Inter
1153 3069 1598 3144 mitiffimum
1647 3093 1875 3169 genus
1926 3070 2311 3146 hominum

341 3197 394 3232 ‘⁸
429 3186 634 3263 ferox
685 3187 901 3278 nati0,
944 3211 1314 3290 pervagata
1349 3190 1536 3264 bello
1570 3215 1788 3289 prope
1814 3192 2063 3266 orbem
2096 3208 2306 3266 terra·

340 3317 393 3352 ⁸⁸
430 3333 620 3396 rum,
680 3308 918 3384 sedem
967 3308 1180 3410 cepit.
1283 3311 1581 3384 Proceta
1629 3333 1949 3407 corpora,
2012 3309 2305 3408 promis-

339 3438 392 3474 ⁸⁸
429 3427 539 3503 sae
588 3429 666 3502 &
707 3429 1026 3505 rutilatae
1091 3455 1363 3518 comae,
1429 3429 1617 3504 vasta
1674 3429 1894 3519 scuta,
1946 3433 2309 3534 praelongi

340 3559 394 3594 ⁸⁸
429 3548 699 3649 gladii:
783 3551 878 3624 ad
935 3551 1074 3626 hoc
1135 3570 1379 3625 cantus
1443 3548 1853 3624 ineuntium
1926 3552 2307 3652 proelium,

345 3678 397 3713 ⁸⁸
435 3674 506 3745 ac
576 3671 913 3760 ululatus,
961 3672 1032 3744 sc
1065 3667 1402 3767 tripudia,
1457 3674 1528 3743 &
1584 3669 2063 3769 quatientium
2119 3672 2311 3749 scuta

341 3788 506 3864 “in
547 3789 857 3889 patrium
934 3791 1321 3889 quemdam
1381 3791 1686 3864 modum
1754 3791 2145 3868 horrendus
2202 3817 2309 3870 ar-

343 3919 394 3958 ⁸⁸
425 3935 712 3986 morum
791 3908 1141 4008 crepitus:
1225 3908 1468 3984 omnia
1531 3911 1625 3984 de
1702 3909 2048 3986 industria
2112 3938 2307 3989 corn·

347 4037 398 4076 ⁸‘
429 4033 649 4128 pofita
708 4029 804 4104 ad
863 4048 1218 4104 terrorem.
1315 4031 1460 4105 Sed
1519 4031 1720 4119 haec,
1794 4031 2062 4132 quibus
2126 4033 2309 4110 inso-

349 4159 404 4196 ⁸⁸
425 4148 562 4226 lita
609 4170 824 4251 atque
877 4146 1147 4229 insueta
1189 4147 1375 4238 sunt,
1429 4150 1683 4226 Graeci
1726 4156 1793 4228 &
1842 4155 2182 4254 Phryges,
2235 4157 2303 4229 δι
