3100 5359
845 681 980 754 186
1501 679 2141 754 T.L1v11

839 865 894 902 “
927 873 1230 930 mortem
1273 853 1352 928 in
1383 852 1565 942 dies,
1616 876 1741 930 aut
1772 853 1956 932 ferro
1986 876 2111 932 aut
2142 855 2329 932 fame
2360 858 2799 955 patiendam,

835 987 888 1022 ‘⁶
925 973 1394 1073 exspectare-'⁹
1477 975 1765 1050 Volenti
1786 976 2059 1052 consuli
2078 981 2307 1054 cauffa
2326 978 2402 1053 in
2437 983 2797 1081 Pamphy-

831 1095 1002 1170 liam
1047 1093 1444 1170 divertendi
1489 1097 1727 1172 oblata
1756 1095 1879 1172 est.
1982 1097 2397 1174 Adveniens
2428 1101 2797 1177 obsidione

829 1213 1256 1292 Isiondenses
1283 1213 1573 1290 exemit.
1638 1219 2006 1293 Termefl‘o
2037 1243 2287 1316 pacem
2316 1219 2544 1309 dedit,
2580 1223 2795 1320 quin-

827 1337 1172 1436 quaginta
1195 1335 1472 1412 talentis
1501 1336 1775 1436 argenti
1806 1337 2145 1436 acceptis:
2200 1338 2373 1414 item
2404 1342 2793 1440 Aspendiis

827 1455 1214 1557 ceterisque
1265 1457 1725 1556 Pamphyliae
1781 1458 2089 1558 populis.
2192 1463 2309 1536 Ex
2368 1463 2795 1562 Pamphylia

761 1605 770 1614 ’
823 1576 1102 1652 rediens
1132 1579 1226 1652 ad
1249 1577 1558 1652 fluvium
1590 1582 1919 1654 Taurum
1950 1579 2186 1678 primo
2218 1581 2364 1668 die,
2398 1583 2674 1681 postero
2696 1587 2795 1660 ad

823 1697 1140 1798 Xylinen
1179 1704 1430 1798 (quam
1455 1701 1744 1792 vocant)
1770 1726 2027 1776 comen
2052 1701 2287 1801 posuit
2320 1703 2551 1778 castra.
2616 1707 2792 1780 Pro-

821 1818 1050 1896 ἱοᾶυε
1109 1817 1282 1894 inde
1329 1819 1863 1896 continentibus
1909 1820 2279 1898 itineribus
2318 1825 2411 1898 ad
2456 1825 2791 1900 Cormasa

819 1943 1076 2017 urbem
1105 1939 1447 2038 pervenit.
1527 1939 1746 2015 Darsa
1762 1939 2091 2038 proxima
2112 1945 2280 2018 urbs
2306 1963 2469 2017 erat.
2570 1947 2785 2035 Eam,

817 2081 1016 2138 metu
1042 2059 1440 2136 incolarum
1471 2057 1837 2148 desertam,
1865 2060 2149 2158 plenam
2182 2063 2513 2138 omnium
2546 2091 2785 2141 rerum

815 2181 1024 2282 copia
1053 2181 1350 2256 invenit.
1449 2180 1937 2280 Progredienti
1964 2203 2233 2280 praeter
2250 2186 2544 2282 paludes
2566 2187 2785 2285 legati

809 2307 902 2380 ab
945 2305 1278 2402 Lyfino’e‘,
1333 2301 1671 2376 dedentes
1705 2299 2090 2390 civitatem,
2122 2326 2491 2378 venerunt.
2592 2308 2775 2382 Inde

813 2425 891 2500 in
977 2449 1230 2524 agrum
1306 2423 1850 2521 Sagalaffenum,
1949 2425 2245 2498 uberem
2328 2421 2779 2524 fertilemque

811 2543 1012 2620 omni
1043 2568 1296 2643 genere
1317 2539 1638 2641 frugum,
1668 2561 1963 2616 ventum
1990 2543 2113 2616 est.
2186 2545 2455 2618 Colunt
2478 2543 2775 2636 Pifidae,

809 2667 1024 2762 longe
1069 2660 1328 2760 optimi
1379 2663 1570 2738 bello
1624 2659 1929 2760 regionis
1982 2663 2154 2758 ejus.
2253 2669 2510 2765 Qum
2553 2693 2639 2740 ea
2668 2694 2778 2742 res

807 2781 1084 2858 animos
1143 2779 1339 2869 facit,
1393 2803 1550 2856 turn
1594 2780 1743 2880 agri
1778 2780 2249 2872 foecunditas,
2275 2789 2347 2858 ὅτ
2382 2785 2777 2864 multitudo

807 2902 1218 2990 hominurn,
1277 2906 1346 2977 &
1405 2905 1569 2976 fitus
1624 2900 1805 2976 inter
1854 2927 2113 2999 paucas
2171 2903 2487 2979 munitae
2553 2907 2774 2984 urbis.

807 3022 1100 3111 Consul,
1135 3019 1310 3122 quia
1341 3023 1534 3096 nulla
1558 3019 1816 3119 legatio
1842 3022 1934 3095 ad
1960 3023 2179 3098 finem
2210 3025 2483 3122 praesto
2516 3024 2772 3115 fuerat,

805 3146 1222 3245 praedatum
1277 3139 1352 3215 in
1401 3167 1605 3240 agros
1649 3138 1854 3215 mifit.
1952 3145 2027 3216 T
2028 3167 2155 3218 um
2212 3145 2511 3220 demum
2556 3145 2774 3220 fracta

802 3263 1187 3366 pertinacia
1241 3261 1366 3349 est,
1416 3283 1500 3335 ut
1559 3261 1718 3336 ferri
1772 3259 2032 3362 agique
2074 3289 2181 3337 res
2216 3261 2368 3339 suas
2410 3264 2771 3342 viderunt.

801 3387 1096 3488 Legatis
1127 3384 1366 3474 miffis,
1417 3382 1605 3482 paffi
1653 3381 2175 3483 quinquaginta
2204 3385 2507 3474 talentis,
2566 3389 2635 3460 ἃ
2661 3386 2770 3461 vi-

803 3505 988 3606 ginti
1020 3504 1338 3580 millibus
1369 3503 1827 3579 medimnum
1880 3503 2123 3592 tritici,
2176 3505 2435 3604 viginti
2486 3508 2766 3598 hordei,

801 3651 1053 3724 pacem
1087 3625 1659 3725 impetraverunt.
1758 3626 2161 3723 Progreffus
2206 3626 2373 3701 inde
2408 3628 2500 3700 ad
2544 3628 2765 3705 Obri-

799 3771 959 3820 mae
1025 3744 1279 3833 fonteS,
1327 3747 1420 3820 ad
1467 3743 1740 3832 vicum,
1808 3769 2028 3842 quem
2094 3748 2453 3844 Aporidos
2504 3775 2765 3824 comen

798 3886 1083 3954 vocant,
1142 3865 1376 3964 posuit
1429 3865 1666 3940 castra.
1768 3867 1880 3938 Eo
1912 3867 2249 3941 Seleucus
2296 3871 2389 3943 ab
2441 3873 2765 3968 Apamea

797 3985 1073 4086 postero
1105 3984 1224 4060 die
1241 3985 1460 4060 venit.
1562 3989 1837 4084 Aegi-os
1872 3984 2041 4060 inde
2070 3989 2139 4060 ὅτ
2174 3986 2454 4063 inutilia
2480 3989 2760 4090 inpedi-

797 4127 1036 4184 menta
1081 4131 1318 4206 quum
1348 4111 1753 4206 Apameam
1788 4104 2170 4195 dimififfet,
2204 4107 2518 4186 ducibus
2550 4109 2757 4186 itine-
