3100 5359
813 697 947 793 176
1451 696 2083 771 T.L1v11

802 875 852 910 “
889 885 974 940 ut
1007 863 1081 939 in
1127 863 1248 940 tali
1283 864 1474 954 casu,
1524 869 1816 974 fideque
1850 869 1970 944 sua
2002 871 2135 945 effe
2168 868 2552 959 censerent,
2602 897 2757 971 age-

803 995 854 1029 “
891 1007 1067 1060 rent.
1166 987 1390 1088 Qod
1424 987 1620 1062 enim
1656 989 1779 1062 fibi
1815 989 2219 1078 confilium,
2275 1013 2399 1064 aut
2432 991 2635 1086 cujus
2664 990 2761 1066 rei

801 1115 852 1148 “
889 1103 1308 1180 electionem
1335 1133 1376 1180 a
1409 1105 1693 1182 fortuna
1722 1109 2035 1184 relictam
2063 1113 2138 1183 ?”
2220 1113 2417 1186 Cum
2437 1109 2547 1186 his
2568 1136 2763 1186 man-

798 1223 978 1298 datis
1037 1224 1248 1324 legati
1313 1226 1492 1300 miffi
1545 1254 1736 1302 orare
1790 1229 2179 1318 consulem,
2233 1241 2285 1273 “
2321 1249 2407 1302 ut
2446 1251 2755 1329 parceret

708 1404 712 1408 .
801 1355 852 1388 “
889 1344 1079 1432 urbi,
1131 1344 1565 1421 misereretur
1602 1347 1831 1445 gentis
1868 1351 2235 1446 quondam
2268 1348 2521 1437 sociae,
2574 1352 2759 1425 nolle

799 1474 852 1507 “
887 1463 1122 1538 dicere
1183 1463 1480 1560 injuriis,
1532 1466 1825 1542 miseriis
1868 1490 2054 1543 certe
2112 1471 2393 1544 coactae
2434 1469 2756 1545 insanire.

798 1595 849 1628 “
886 1587 1060 1659 Non
1109 1585 1267 1683 plus
1313 1585 1479 1658 mali
1513 1587 1801 1662 meritos
1834 1589 2127 1664 Aetolos
2162 1589 2509 1664 Antiochi
2541 1593 2759 1680 belle,

798 1714 848 1748 “
886 1729 1104 1802 quarn
1137 1703 1314 1779 boni
1331 1727 1520 1794 ante,
1555 1733 1787 1805 quum
1814 1707 2135 1783 adversus
2168 1707 2588 1807 Philippum
2618 1711 2763 1784 bel-

797 1835 846 1869 “
881 1825 1106 1900 latum
1155 1827 1261 1912 fit,
1306 1823 1562 1900 fecifl‘e.
1666 1831 1827 1903 Nec
1861 1849 2019 1902 tum
2046 1831 2231 1928 large
2258 1826 2551 1929 gratiam
2584 1831 2755 1902 rela-

794 1955 843 1990 “
883 1967 1028 2020 tam
1071 1943 1230 2032 fibi,
1285 1972 1416 2021 nee
1461 1972 1658 2021 nunc
1710 1947 2077 2022 inmodice
2124 1975 2431 2046 poenam
2482 1947 2761 2048 injungi

792 2075 844 2110 ‘⁶
881 2066 1206 2141 debere.'’
1316 2069 1442 2143 Ad
1493 2093 1575 2140 ea
1634 2066 1879 2141 consul
1942 2067 2337 2168 respondit:
2424 2079 2476 2111 ‘⁶
2516 2067 2763 2167 Magis

701 2223 704 2228 ·
793 2194 844 2230 “
875 2185 1106 2284 saepe,
1173 2210 1396 2283 quam
1477 2211 1641 2260 vere
1690 2211 2068 2285 umquam,
2154 2189 2453 2262 Aetolos
2503 2213 2763 2287 pacem

792 2317 842 2356 “
877 2326 1138 2404 petere.
1237 2305 1687 2380 Imitarentur
1764 2305 2215 2380 Antiochum
2291 2306 2367 2381 in
2450 2309 2764 2406 petenda

789 2435 839 2469 “
875 2452 1080 2523 pace,
1127 2451 1348 2524 quem
1381 2424 1456 2500 in
1485 2427 1759 2502 bellum
1801 2423 2179 2499 traxiffent.
2278 2430 2455 2500 Non
2501 2427 2753 2523 paucis

730 2593 734 2596 -
788 2555 838 2588 “
875 2544 1175 2619 urbibus
1207 2569 1405 2632 eum,
1455 2546 1548 2619 de
1581 2569 1886 2643 quarum
1914 2543 2235 2620 libertate
2268 2566 2621 2621 certatum
2639 2547 2755 2636 fit,

788 2676 838 2708 “
875 2663 994 2738 sed
1057 2663 1257 2738 omni
1314 2668 1478 2738 Asia
1533 2663 1636 2739 cis
1698 2667 2025 2738 Taurum
2092 2686 2443 2754 montem,
2507 2664 2759 2764 opimo

787 2795 837 2828 ‘⁸
869 2809 1116 2883 regno,
1200 2786 1569 2858 exceffiffe.
1667 2786 1991 2872 AetOIOS,
2073 2785 2199 2859 nifi
2265 2785 2597 2873 inermes,
2660 2789 2757 2862 de

786 2912 837 2947 ‘⁶
873 2929 1050 3001 pace
1104 2923 1386 3002 agentes
1446 2928 1594 2977 non
1664 2903 2079 2980 auditurum
2144 2903 2235 2979 se.
2334 2911 2565 2981 Arma
2612 2907 2757 2982 illis

785 3033 836 3067 “
873 3022 1068 3120 prius
1124 3021 1484 3122 equosque
1545 3049 1793 3098 omnes
1842 3024 2218 3098 tradendos
2274 3026 2433 3112 effe,
2485 3025 2755 3102 deinde

783 3153 834 3188 “
871 3141 1069 3220 mille
1131 3143 1478 3217 talentum
1534 3142 1807 3242 argenti
1865 3145 2136 3241 populo
2182 3147 2520 3220 Romano
2575 3149 2754 3221 dan·

784 3273 834 3307 “
872 3264 1090 3338 dumz
1138 3264 1342 3359 cujus
1375 3260 1689 3336 summae
1724 3261 2117 3343 dimidium
2142 3262 2459 3360 praesens
2490 3290 2751 3338 nume-

783 3391 838 3426 “
869 3404 1160 3471 taxetur,
1207 3385 1254 3455 fi
1287 3407 1536 3478 pacem
1572 3384 1828 3456 habere
1860 3383 2146 3457 vellent.
2244 3385 2371 3458 Ad
2402 3409 2485 3458 ea
2515 3385 2749 3480 adjec-

783 3511 834 3546 “
869 3523 1114 3578 turum
1173 3500 1386 3576 etiam
1438 3500 1516 3576 in
1573 3500 1829 3576 foedus
1851 3505 2015 3590 effe,
2068 3524 2151 3575 ut
2194 3501 2505 3594 eosdem,
2560 3531 2747 3602 quos

781 3631 832 3666 “
859 3625 1168 3721 populus
1215 3625 1623 3710 Romanae,
1669 3621 1935 3698 amicos
1988 3642 2203 3722 atque
2254 3622 2485 3698 hostes
2518 3627 2738 3700 habe-

778 3751 833 3786 “
865 3745 1056 3816 παιδ’

874 3865 1011 3938 ΙΧ.
1109 3861 1466 3939 Adversus
1487 3887 1673 3961 quae
1704 3863 1942 3962 legati,
1978 3867 2047 3937 ἃ
2070 3863 2241 3963 quia
2259 3863 2499 3964 gravia
2518 3886 2741 3954 erant,

777 3986 845 4058 ὅτ.
887 3981 1059 4082 quia
1106 3981 1396 4057 suorum
1445 3980 1721 4058 animos
1778 3981 2166 4057 indomitos
2214 4009 2297 4058 ac
2358 3985 2741 4062 mutabiles

772 4125 1136 4194 noverant,
1186 4104 1388 4178 nullo
1421 4102 1703 4179 reddito
1735 4101 2086 4202 responso,
2130 4103 2435 4180 domum
2468 4110 2737 4206 regresfi
