3100 5359
767 735 858 832 38
1430 733 2053 812 T.L1v11

768 910 835 980 &
865 904 1015 1004 ipfi,
1052 930 1282 1003 quum
1316 931 1443 1004 pro
1477 903 1731 980 dirutis
1756 905 2122 980 reficerent
2167 925 2434 989 muros,
2471 897 2731 983 crebri·

772 1051 923 1100 ores
974 1051 1117 1112 εοε,
1171 1044 1255 1098 ut
1297 1025 1622 1124 pluribus
1675 1044 2161 1123 erumperetur
2205 1023 2282 1096 in
2321 1021 2599 1098 hostem
2631 1023 2738 1094 10.-

770 1145 896 1233 ciS,
932 1144 1303 1219 faciebant.
1404 1147 1578 1221 Hoc
1611 1144 1858 1243 primis
1887 1143 2170 1233 di‘ebuS,
2206 1145 2386 1218 dum
2415 1142 2726 1241 integrae

772 1263 953 1340 vires
1006 1285 1225 1352 erant,
1282 1267 1351 1337 &
1425 1263 1826 1362 frequentes
1897 1271 1965 1339 &
2021 1263 2299 1363 inpigre
2366 1262 2732 1338 fecerunt:

774 1383 852 1458 in
898 1383 1048 1458 dies
1108 1383 1397 1471 deinde,
1458 1383 1821 1482 pauciores
1875 1389 1944 1459 &
2005 1383 2309 1484 segnius.
2411 1382 2733 1470 Etenim,

775 1531 1005 1604 quum
1040 1503 1283 1578 multis
1316 1499 1788 1602 urguerentur
1822 1508 2057 1592 rebu5‚
2123 1505 2318 1579 nulla
2348 1529 2468 1578 eos
2496 1529 2604 1579 res
2623 1527 2740 1576 ae-

776 1652 945 1725 que,
999 1651 1080 1699 ac
1112 1623 1393 1722 vigiliae
1429 1622 1940 1711 conficiebant3
1993 1623 2343 1700 Romanis
2377 1623 2454 1698 in
2475 1613 2760 1720 magna

776 1745 979 1842 copia
1012 1742 1325 1834 militum
1362 1741 1906 1819 succedentibus
1931 1743 2082 1820 aliis
2115 1744 2193 1819 in
2213 1743 2582 1821 stationem
2617 1741 2742 1816 ali-

779 1889 1015 1952 orum,
1078 1864 1371 1948 Aetolos
1438 1885 1722 1961 propter
1765 1862 2197 1961 paucitatem
2252 1863 2534 1940 eosdem
2591 1861 2745 1938 dies

780 1981 1159 2082 noctesque
1196 1983 1462 2065 affiduo
1514 1983 1752 2060 labore
1798 2008 2068 2066 urente.
2167 1987 2304 2059 Per
2335 2005 2640 2082 quatuor
2675 1989 2744 2070 ὃς

778 2102 1035 2203 viginti
1077 2103 1255 2190 die5‚
1307 2100 1405 2176 ita
1435 2121 1519 2184 ut
1554 2105 1834 2179 nullum
1869 2124 2152 2203 tempus
2181 2129 2495 2182 vacuum
2522 2104 2750 2179 dimi-

780 2223 1054 2299 catione
1101 2223 1291 2313 effet,
1358 2222 1682 2308 adversus
1733 2245 2037 2322 quatuor
2085 2250 2124 2297 e
2169 2223 2484 2320 partibus
2541 2225 2747 2298 fimul
2833 2320 2840 2324 ·

779 2347 1313 2443 obpugnantem
1350 2342 1625 2420 hostem
1671 2345 2058 2420 nocturnus
2087 2341 2347 2418 diurno
2376 2339 2748 2418 continua-

782 2485 895 2538 tus
929 2465 1127 2538 labor
1160 2463 1280 2537 est.
1380 2467 1636 2562 Qum
1670 2461 1992 2561 fatigatos
2013 2463 2164 2558 jam
2199 2463 2497 2543 Aetolos
2547 2459 2752 2537 sciret

784 2583 1030 2659 consul
1064 2587 1131 2657 δι
1169 2609 1259 2656 ex
1293 2581 1560 2656 ratione
1591 2581 1951 2681 temporiS‚
1985 2586 2053 2656 &
2089 2584 2289 2681 quod
2323 2582 2421 2660 ita
2449 2581 2750 2662 transm-

786 2731 914 2804 gae
976 2704 1467 2790 adfirmabant‚
1536 2704 1670 2775 tale
1736 2700 2106 2776 confilium
2173 2701 2357 2776 iniit.
2491 2701 2754 2778 Media

788 2826 995 2898 nocte
1035 2819 1348 2920 receptui
1384 2823 1663 2920 fignum
1709 2820 1937 2910 dedit,
1983 2821 2060 2894 ὅτ
2087 2824 2177 2898 ab
2203 2821 2744 2922 obpugnatione

784 2944 987 3018 fimul
1016 2967 1259 3015 omnes
1285 2939 1547 3016 milites
1569 2943 1914 3016 deductos
1940 2941 2164 3040 usque
2190 2943 2282 3016 ad
2301 2941 2578 3016 tertiam
2601 2941 2750 3016 diei

784 3067 1030 3139 horam
1065 3060 1342 3160 quietos
1377 3060 1453 3135 in
1487 3060 1722 3136 castris
1757 3061 2010 3137 tenuit.
2110 3063 2289 3136 Inde
2323 3083 2574 3162 coepta
2615 3065 2746 3137 ob·

784 3181 1131 3284 pugnatio
1164 3184 1256 3266 ad
1308 3181 1622 3268 mediam
1656 3182 1885 3266 rursus
1920 3185 2206 3270 noctem
2239 3184 2583 3280 perducta
2607 3183 2742 3258 estz

790 3302 1171 3378 intermissa
1227 3302 1490 3392 deinde
1541 3302 1765 3400 usque
1819 3305 1911 3378 ad
1946 3303 2218 3379 tertiam
2267 3303 2414 3378 diei
2475 3306 2747 3382 horam.

800 3423 1319 3524 Fatigationem
1355 3421 1483 3497 rati
1507 3424 1810 3498 cauffam
1832 3424 1964 3498 effe
1986 3422 2225 3498 Aetoli
2249 3450 2395 3499 non
2422 3421 2756 3498 continu-

790 3545 1011 3618 andae
1038 3541 1619 3643 obpugnationis,
1654 3567 1834 3640 quae
1868 3543 1945 3617 δε
1983 3541 2166 3642 ipsos
2198 3541 2573 3631 adfecerat,
2619 3545 2753 3620 ubi

790 3663 1140 3740 Romanis
1173 3664 1421 3737 datum
1461 3661 1777 3762 receptui
1822 3666 2098 3762 fignum
2135 3664 2323 3752 effet,
2383 3664 2582 3737 velut
2622 3661 2748 3762 ipfi

790 3809 1081 3883 quoque
1109 3787 1247 3859 hoc
1276 3781 1610 3871 revocati,
1639 3809 1768 3881 pro
1794 3781 1861 3858 se
1882 3781 2183 3883 quisque
2219 3807 2309 3856 ex
2331 3781 2752 3858 stationibus

792 3906 1261 3983 decedebant:
1319 3929 1451 3978 nec
1486 3922 1646 3977 ante
1703 3901 1980 3978 tertiam
2015 3901 2161 3986 diei
2196 3906 2444 3988 horam
2503 3902 2751 4003 armati

794 4025 871 4115 in
904 4023 1125 4116 muris
1156 4025 1604 4122 adparebant.
