3100 5359
663 648 806 723 280
1329 644 1967 719 T.L1vr1

665 820 720 859 ‘⁵‘
749 804 1137 914 minasque.
1239 813 1538 890 Biennio
1564 813 1895 913 proximo
1924 812 2323 888 institutum
2354 814 2514 901 effe,
2546 836 2645 887 ne

664 945 718 979 “
755 936 918 1035 quis
953 935 1172 1033 major
1201 934 1458 1034 viginti
1477 934 1679 1009 annis
1701 932 2113 1009 initiaretur.
2212 931 2493 1031 Captari
2522 959 2645 1007 ae-

665 1066 717 1101 “
755 1078 926 1131 tates
959 1061 1024 1131 &
1063 1054 1308 1129 errotis
1343 1059 1411 1129 ὅτ
1447 1054 1665 1153 stupri
1697 1044 2129 1152 patientes?⁴

762 1176 968 1251 XIV.
1069 1178 1360 1249 Peracto
1387 1173 1686 1263 indicio,
1715 1176 2052 1248 advoluta
2078 1172 2307 1248 rursus
2334 1171 2647 1273 genibus

667 1321 910 1397 preces
943 1295 1247 1382 easdem,
1295 1316 1378 1367 ut
1412 1293 1477 1367 se
1511 1297 1887 1393 ablegaret,
1925 1292 2272 1392 repetivit.
2370 1292 2643 1369 Consul

665 1438 868 1515 rogat
893 1414 1197 1503 socrum,
1256 1437 1337 1489 ut
1365 1414 1679 1513 aliquam
1712 1436 1981 1512 partem
2016 1416 2305 1489 aedium
2338 1438 2647 1490 vacuam.

669 1536 952 1623 faceret,
1015 1560 1165 1633 quo
1220 1534 1517 1635 Hispala
1584 1535 2013 1634 inmigraret.
2147 1534 2647 1611 Coenaculum

669 1656 874 1755 super
906 1656 1112 1729 aedes
1153 1656 1403 1729 datum
1445 1655 1570 1743 est,
1639 1654 1833 1730 scalis
1860 1654 2247 1731 ferentibus
2284 1654 2357 1727 in
2402 1652 2647 1752 publi-

672 1802 844 1851 cum
895 1772 1251 1862 obseratiS,
1313 1776 1508 1849 aditu
1554 1774 1630 1848 in
1658 1777 1861 1850 aedes
1893 1776 2111 1850 verso·
2212 1778 2361 1849 Res
2394 1800 2647 1847 omnes

671 1894 1017 1973 Feceniae
1067 1896 1428 1994 extemplo
1475 1896 1854 1984 transsatae,
1908 1899 1978 1970 ὅτ
2024 1894 2294 1970 familia
2317 1895 2645 1968 arceffita.

676 2018 774 2091 Et
827 2015 1186 2092 Aebutius
1231 2014 1532 2115 migrare
1580 2016 1672 2091 ad
1705 2011 2010 2090 consulis
2044 2014 2377 2092 clientem
2394 2015 2645 2112 jussus·

673 2138 783 2213 Ita
815 2162 1045 2235 quum
1079 2134 1350 2209 indices
1380 2138 1594 2210 ambo
1622 2131 1697 2209 in
1730 2134 2066 2232 potestate
2100 2138 2341 2224 essent,
2378 2160 2523 2211 rem
2548 2136 2649 2209 ad

675 2256 990 2333 senatum
1025 2253 1429 2331 Postumius
1465 2252 1715 2343 defert,
1740 2253 2079 2332 omnibus
2111 2256 2359 2330 ordine
2380 2259 2651 2353 exposi-

677 2375 792 2465 tis,
835 2402 1016 2477 quae
1050 2377 1280 2449 delata
1298 2373 1556 2473 primo,
1594 2400 1776 2474 quae
1812 2374 2072 2450 deinde
2102 2379 2193 2451 ab
2223 2375 2287 2449 se
2323 2374 2653 2473 inquifita

676 2496 928 2571 forent.
1031 2499 1264 2571 Patres
1310 2521 1526 2593 pavor
1560 2494 1808 2594 ingens
1838 2494 2053 2593 cepit,
2086 2516 2319 2595 quum
2356 2495 2655 2593 publico

677 2614 998 2703 nomine,
1035 2642 1122 2689 ne
1158 2615 1336 2714 quid
1364 2643 1483 2689 eae
1519 2614 2035 2711 conjurationes
2060 2615 2445 2714 coetusque
2478 2642 2652 2691 noc·

676 2734 866 2809 turni
895 2734 1162 2810 fraudis
1187 2735 1508 2811 occultae
1536 2755 1661 2808 aut
1694 2734 1993 2831 periculi
2014 2735 2470 2835 inportat-ent,
2493 2757 2653 2810 tum

679 2855 1008 2954 privatim
1065 2854 1348 2930 suorum
1403 2852 1705 2953 quisque
1758 2853 2019 2943 vicem,
2076 2882 2161 2930 ne
2208 2855 2371 2955 quis
2400 2854 2655 2930 adfinis

677 2976 746 3051 ei
813 3002 1040 3050 noxae
1107 2977 1292 3052 effer.
1393 2970 1689 3049 Censuit
1744 2996 1983 3048 autem
2044 2973 2344 3062 senatus,
2404 2974 2657 3073 gratias

681 3094 952 3172 consuli
1007 3096 1340 3195 agendaS,
1395 3095 1598 3192 quod
1646 3120 1803 3168 eam
1838 3121 1987 3169 rem
2016 3096 2091 3167 δε
2126 3122 2294 3171 cum
2328 3091 2655 3193 singulari

682 3242 877 3305 cura,
899 3219 967 3289 ὅτ
1002 3218 1140 3289 fine
1166 3216 1316 3288 ullo
1352 3215 1663 3289 tumultu
1702 3212 2185 3313 investigasset.
2282 3211 2659 3315 Qaestio-

683 3362 852 3412 nem
887 3335 1147 3411 deinde
1183 3336 1273 3409 de
1315 3334 1870 3413 Bacchanalibus
1904 3333 2247 3431 sacrisque
2294 3333 2661 3413 noeturnis

685 3478 882 3533 extra
949 3454 1274 3531 ordinem
1335 3453 1742 3533 consulibus
1802 3456 2183 3537 mandantz
2266 3451 2658 3542 indicibus,

687 3576 1010 3654 Aebutio
1036 3604 1118 3651 ac
1154 3572 1525 3661 Feceniae,
1570 3601 1658 3649 ne
1698 3572 1929 3650 fraudi
1966 3601 2049 3651 ea
2097 3600 2205 3649 res
2248 3572 2355 3663 fit,
2389 3599 2661 3661 curare,

689 3704 759 3775 &
787 3698 960 3773 alios
989 3696 1260 3771 indices
1279 3692 1608 3795 praemiis
1634 3692 1925 3770 invitare
1942 3694 2225 3791 jubent.
2324 3693 2661 3769 Sacerdo-

691 3842 794 3895 tes
827 3844 1076 3895 eorum
1109 3815 1488 3902 sacrorum,
1529 3814 1649 3889 seu
1702 3813 1835 3893 viri
1888 3814 2005 3889 seu
2067 3813 2373 3890 feminae
2418 3816 2663 3903 effent,

697 3966 842 4016 non
879 3942 1160 4015 Romae
1193 3938 1444 4026 modo,
1501 3934 1620 4010 sed
1647 3960 1773 4033 per
1820 3934 2065 4011 omnia
2097 3934 2247 4009 fora
2284 3938 2348 4011 δι
2420 3934 2665 4010 conci·

667 4060 956 4137 -liabula
997 4055 1355 4159 conquiri,
1401 4078 1485 4133 ut
1536 4056 1614 4131 in
1652 4053 2029 4131 consulum
2060 4055 2395 4155 potestate
2426 4058 2665 4131 effent.
