3100 5359
895 725 972 801 L
1009 749 1042 801 1
1089 750 1131 800 Β
1179 750 1224 800 1·:
1267 748 1316 799 n
1415 723 1781 801 XXXIX.
2091 821 2099 829 ι
2178 749 2319 826 3¹3

338 924 640 975 monem
695 924 874 975 cum
929 926 1020 975 eo
1067 902 1486 989 contulerat,
1527 900 1607 973 δι
1640 902 2033 975 multorum
2062 899 2315 975 talium

339 1020 756 1097 ministrum
807 1023 878 1095 δι
915 1018 1280 1097 conscium
1327 1021 1653 1095 habebat.
1756 1018 2103 1095 Casander
2134 1045 2315 1117 quo-

333 1166 520 1240 que,
551 1139 792 1228 miffis,
823 1139 952 1237 qui
987 1166 1112 1238 per
1144 1138 1446 1238 Epirum
1467 1140 1559 1214 ad
1592 1165 1782 1214 mare
1813 1138 2312 1238 >prosequeren-

342 1282 466 1335 tur
495 1286 694 1349 eum,
739 1286 830 1335 ne
863 1284 1006 1358 qua
1037 1257 1392 1335 indicium
1423 1280 1804 1349 emanaret,
1853 1285 2131 1335 veneno
2162 1286 2310 1335 ere·

334 1380 542 1459 ditur
571 1378 903 1458 sublatus.

443 1502 766 1577 XXXV.
867 1502 964 1573 Et
995 1497 1206 1598 legati
1239 1524 1280 1573 a
1311 1496 1629 1597 Philippi
1662 1497 2051 1598 conloquio
2081 1496 2181 1573 ita
2204 1497 2314 1573 di·

338 1623 544 1719 greffi
575 1619 760 1708 sunt,
793 1640 878 1693 ut
909 1645 1070 1717 prae
1104 1617 1172 1692 se
1199 1617 1480 1707 ferrent,
1511 1617 1693 1695 nihil
1724 1646 1974 1695 eorum
2008 1618 2133 1697 fibi
2168 1620 2315 1717 pla-

341 1728 540 1816 cere:
593 1739 669 1811 δι
734 1738 1140 1837 Philippus,
1185 1738 1510 1825 minime,
1580 1738 1761 1836 quin
1824 1740 2313 1817 rebellandum

333 1860 538 1949 effet,
593 1857 888 1946 dubius,
946 1858 1116 1957 quia
1157 1878 1394 1933 tamen
1447 1858 1835 1935 inmamrne
1876 1861 1971 1933 ad
2020 1859 2100 1935 id
2136 1858 2315 1936 vires

341 1998 569 2071 erant,
603 1980 698 2055 ad
723 2003 996 2053 moram
1033 1977 1623 2076 interponendam
1661 1977 2144 2067 Demetrium,
2176 1978 2312 2055 mi-

345 2124 595 2175 norem
643 2097 904 2187 mium,
951 2099 1228 2175 mittere
1257 2102 1601 2186 Romam,
1634 2100 1839 2173 fimul
1868 2100 1959 2173 ad
1994 2080 2302 2197 purgan-

341 2220 438 2293 da
471 2218 794 2306 crimina,
850 2220 1056 2295 fimul
1093 2220 1184 2293 ad
1237 2219 1756 2317 deprecandam
1802 2217 1979 2293 iram
2012 2216 2310 2307 senatus„

343 2337 624 2415 statuit:
679 2337 836 2413 satis
871 2340 1187 2428 credens,
1217 2337 1448 2436 ipsum
1475 2336 1687 2413 etiam
1710 2338 2081 2434 juvenem,
2110 2340 2313 2438 quod

349 2462 630 2534 Romae
663 2458 862 2535 obses
893 2457 1248 2557 specimen
1277 2457 1510 2557 regiae
1539 2456 1801 2533 indolis
1834 2458 2153 2547 declaret,
2186 2457 2311 2535 ali·

341 2577 528 2677 quid
587 2578 938 2655 momenti
998 2578 1380 2655 facturum.
1487 2577 1781 2653 Interim
1832 2604 1955 2677 per
2006 2578 2312 2678 speciem

341 2698 596 2777 auxilii
653 2698 1014 2799 Byzantiis
1056 2698 1356 2787 ferendi,
1413 2724 1487 2773 re
1531 2696 1679 2796 ipsa
1724 2702 1817 2777 ad
1843 2720 2175 2775 terrorem
2207 2725 2313 2775 re-

345 2820 536 2919 gulis
587 2822 956 2897 Thracum
1012 2818 1509 2916 injiciendum,
1558 2818 1940 2916 ρτοῐεᾶυε,
1986 2822 2313 2918 perculfis

343 2939 430 3015 iis
462 2966 616 3016 uno
647 2940 942 3040 proelio,
976 2944 1043 3013 ὅτ
1066 2940 1446 3014 Amadoco
1477 2940 1667 3014 duce
1690 2960 1928 3036 capto,
1957 2938 2035 3015 in
2060 2942 2308 3017 Mace-

341 3059 640 3137 doniam
704 3058 944 3146 rediit,
1007 3058 1217 3135 miffis
1281 3062 1375 3133 ad
1433 3060 1715 3135 adcolas
1780 3058 1931 3135 lstri
1992 3060 2313 3136 fluminis

341 3182 698 3268 barbaros,
724 3199 806 3254 ut
839 3176 918 3253 in
948 3179 1224 3253 Italiam
1255 3179 1769 3278 inrumperent,
1810 3177 2306 3261 sollicitandos.

347 3302 441 3376 Et
493 3300 582 3383 in
624 3298 1110 3397 Peloponneso
1139 3301 1486 3375 adventus
1519 3303 2019 3375 Romanorum
2044 3301 2319 3400 legato--

343 3444 532 3507 rum,
559 3419 692 3519 qui
725 3444 816 3495 ex
839 3420 1274 3510 Macedonia
1297 3419 1374 3493 in
1397 3420 1743 3515 Achaiam
1774 3420 1873 3495 ire
1890 3421 2057 3517 juffi
2084 3444 2307 3511 erant,

335 3538 870 3638 exspectabatur
889 3570 910 3613 z
959 3539 1284 3615 adversus
1329 3566 1512 3637 quos
1558 3560 1641 3615 ut
1692 3565 2091 3639 praeparata
2134 3568 2305 3619 oon-

341 3659 486 3734 filia
518 3662 882 3748 haberent,
913 3663 1256 3759 Lycortas
1287 3680 1563 3757 praetor
1592 3660 1985 3737 concilium
2021 3660 2306 3739 indixit.

345 3778 456 3853 lbi
491 3780 583 3853 de
617 3778 1206 3855 Lacedaemoniis
1233 3782 1496 3855 astum.
1596 3791 1647 3825 “
1688 3784 1805 3855 Ex
1838 3780 2157 3859 hostibus
2188 3810 2308 3859 eos

344 3907 394 3941 ‘⁸
429 3897 860 3976 accusatores
887 3898 1148 3974 factos:
1199 3899 1274 3973 δι
1331 3898 1736 3998 periculum
1780 3900 1941 3991 effe,
1984 3876 2083 3977 iae
2127 3900 2301 3979 victi

343 4027 398 4061 “
430 4016 656 4118 magis
699 4018 1002 4094 timendi
1049 4018 1302 4109 forent,
1354 4046 1577 4119 quam
1618 4022 1952 4098 bellantes
2002 4022 2305 4099 fuiffent.

345 4146 396 4181 “
429 4138 726 4241 Qippe
779 4138 856 4215 in
901 4141 1092 4216 bello
1117 4140 1320 4216 sociis
1353 4139 1703 4217 Romanis
1740 4145 2067 4219 Achaeos
2098 4142 2257 4218 usos
2278 4176 2301 4219 ε
