3100 5359
833 719 909 794 L
949 743 978 792 1
1028 743 1068 792 B
1117 743 1162 792 Ε
1207 743 1254 792 R
1358 719 1787 797 XXXVIII.
2158 745 2287 820 193

313 893 536 972 castra
567 891 994 968 habentibus
1019 893 1370 970 Romanis
1403 897 1785 993 adparuere
1816 919 1983 971 cum
2020 921 2284 995 magno

309 1017 634 1092 tumultu
667 1014 978 1088 hostium
1005 1012 1302 1112 equites.
1401 1019 1564 1090 Nec
1600 1019 1973 1092 turbarunt
2001 1037 2282 1090 tantum

309 1135 640 1210 stationes
673 1138 1063 1223 Romanas,
1097 1155 1382 1232 repente
1415 1133 1725 1223 invectu
1779 1134 1897 1210 sed
1932 1135 2281 1235 quosdam

311 1254 530 1330 etiam
580 1254 1020 1330 occiderunt.
1121 1253 1272 1355 Qi
1307 1257 1661 1328 tumultus
1688 1281 1919 1354 quum
1956 1255 2031 1329 in
2066 1255 2286 1330 castra

308 1377 622 1473 perlatus
645 1375 836 1462 effet,
859 1373 1116 1448 effusus
1148 1396 1431 1474 repente
1459 1375 1795 1451 omnibus
1828 1375 2049 1476 portis
2078 1375 2282 1474 equi-

309 1515 495 1568 tatus
519 1496 900 1569 Romanus
933 1492 1126 1568 fudit
1149 1493 1567 1594 fugavitque
1602 1497 1870 1585 Gallos,
1909 1501 1977 1571 δε
2005 1495 2283 1596 aliquot

309 1614 666 1715 fugientes
692 1613 983 1688 occidit.
1051 1614 1229 1688 Inde
1256 1615 1528 1702 consul,
1563 1636 1645 1688 ut
1676 1615 1804 1715 qui
1826 1617 1975 1712 jam
2004 1619 2093 1691 ad
2122 1615 2278 1690 hos-

309 1755 412 1810 tes
450 1755 874 1834 perventum
915 1753 1248 1821 cerneret,
1313 1736 1673 1832 explorato
1706 1734 1969 1811 deinde
2001 1737 2077 1808 ὅτ
2112 1761 2282 1810 cum

311 1879 482 1930 cura
530 1855 777 1930 coacto
831 1852 1118 1951 agmine
1163 1856 1617 1952 procedebat.
1720 1858 1816 1929 Et
1850 1855 2278 1930 continenti-

313 1979 450 2052 bus
491 1971 864 2050 itineribus
902 1998 1132 2070 quum
1166 1976 1256 2048 ad
1291 1974 1707 2072 Sangarium
1742 1977 2010 2049 flumen
2039 2000 2281 2074 perve-

311 2095 542 2184 nifl'er,
579 2113 902 2192 pontem,
955 2093 1127 2191 quia
1159 2095 1344 2167 vado
1377 2094 1727 2192 nusquam
1761 2097 2078 2168 tranfitus
2110 2115 2281 2182 erat,

313 2215 540 2290 facere
573 2212 897 2287 instituit.
995 2212 1394 2312 Sangarius,
1429 2239 1520 2288 ex
1556 2216 1846 2289 Adoreo
1880 2233 2123 2288 monte
2158 2239 2283 2310 per

311 2334 700 2434 Phrygiam
719 2335 972 2418 fluens,
1007 2331 1338 2406 miscetur
1355 2335 1448 2408 ad
1469 2333 1875 2432 Bithyniam
1902 2331 2279 2432 Tymbreti

309 2453 558 2529 fluvi0.
633 2453 812 2526 Inde
845 2452 1068 2547 major
1082 2453 1233 2547 jam
1269 2453 1640 2552 geminatis
1662 2455 1863 2554 aquis
1882 2481 2007 2554 per
2036 2452 2279 2552 Bithy-

311 2573 504 2649 niam
533 2571 783 2657 fertut,
804 2575 889 2645 ὅτ
921 2570 998 2644 in
1032 2572 1542 2670 Propontidem
1580 2572 1713 2648 sese
1744 2573 2095 2661 effundit3
2130 2598 2276 2648 non

311 2715 550 2768 tamen
578 2713 722 2766 tam
751 2689 1246 2790 magnitudine
1282 2693 1786 2782 memorabilis,
1822 2719 2043 2792 quam
2076 2693 2279 2792 quod

309 2811 616 2912 piscium
667 2810 934 2885 adcolis
983 2811 1346 2910 ingentem
1403 2812 1552 2885 vim
1609 2817 1919 2910 praebet.
2020 2811 2277 2887 Trans-

311 2935 544 3033 greflis
575 2951 794 3028 ponte
826 2927 1140 3028 perfeeto
1163 2931 1462 3018 flumen,
1497 2952 1765 3029 praeter
1792 2931 2017 3032 ripam
2046 2931 2279 3006 eunti-

311 3055 448 3128 bus
489 3049 684 3125 Galli
733 3049 991 3124 Matris
1045 3053 1360 3148 Magnae
1399 3076 1442 3122 a
1475 3051 1874 3125 Peffinunte
1908 3055 2297 3125 obcurrere·

312 3199 483 3247 cum
510 3169 896 3270 insignibus
920 3169 1086 3257 suis,
1120 3167 1577 3244 vaticinantes
1610 3169 1914 3246 fanatico
1940 3166 2301 3259 carmines

313 3295 546 3368 Deam
581 3288 930 3364 Romanis
962 3289 1151 3364 viam
1187 3290 1355 3365 belli
1389 3294 1457 3365 &
1491 3289 1857 3364 victoriam
1890 3292 2080 3380 dare,
2144 3289 2277 3364 im-

310 3410 738 3511 periumque
819 3410 968 3506 ejus
1048 3408 1378 3508 regionis.
1479 3402 1829 3508 Accipere
1911 3409 1981 3484 se
2060 3435 2277 3488 omen

313 3557 544 3630 quum
605 3528 884 3604 dixiffet
933 3528 1204 3617 consul,
1267 3529 1482 3603 castra
1513 3555 1600 3604 eo
1630 3527 1779 3628 ipso
1814 3531 1975 3605 loco
2021 3530 2277 3629 posuit.

315 3651 601 3726 Postero
627 3649 746 3723 die
773 3650 866 3722 ad
901 3648 1263 3723 Gordium
1297 3649 1637 3747 pervenit.
1737 3651 1823 3722 Id
1857 3651 2051 3724 haud
2079 3665 2279 3750 mag-

317 3797 492 3846 num
519 3767 820 3869 quidem
854 3767 1208 3867 oppidum
1243 3769 1366 3857 est,
1403 3767 1522 3842 sed
1556 3771 1743 3866 plus»,
1796 3793 2015 3868 quam
2051 3770 2279 3845 medi-

319 3911 736 3976 terraneum,
807 3891 1182 3963 celebre&
1216 3886 1548 3986 frequens
1581 3889 2006 3987 emporium.
2105 3889 2282 3965 Tria

325 4011 535 4085 maria
579 4008 730 4108 pari
778 4006 996 4082 ferme
1033 4007 1362 4082 distantia
1405 4007 1772 4083 intervallo
1808 4011 2045 4098 habet,
2094 4010 2279 4084 Hel-

317 4131 736 4232 lespontum,
763 4129 858 4204 ad
885 4127 1250 4229 Sinopem,
1278 4131 1346 4202 &
1382 4127 1663 4204 alterius
1688 4155 1847 4206 orae
1872 4129 2102 4220 litora,
2136 4155 2282 4228 qua

1267 4249 1338 4319 Ο
