3100 5359
699 769 702 772 -
780 717 854 790 L
905 740 933 789 1
994 740 1034 790 B
1094 739 1138 788 Ε
1194 705 1288 788 R'
1345 715 1775 790 XXXVIII.
2176 740 2318 814 209

327 897 639 970 Duabus
676 913 913 966 tamen
949 891 1266 967 maxime
1299 891 1695 966 refistebant
1722 892 1966 966 rebus:
2002 915 2172 977 una,
2208 889 2317 964 in-

325 1015 660 1090 teriorem
691 1011 1200 1110 sempetjuxta
1231 1011 1557 1088 validum
1594 1037 1723 1110 pro
1759 1009 1998 1085 diruto
2043 1037 2345 1100 novum,

321 1136 770 1212 obstruentes
812 1157 1150 1220 murum3
1204 1135 1443 1221 altera,
1495 1129 1995 1228 eruptionibus
2029 1129 2310 1219 subiti5‚

321 1282 528 1334 nunc
581 1255 660 1328 in
712 1278 924 1352 opera
977 1251 1326 1340 hostium,
1385 1279 1579 1327 nunc
1636 1251 1712 1326 in
1770 1250 2119 1326 stationes.
2222 1255 2320 1326 Et

323 1379 760 1476 plerumque
813 1372 900 1447 iis
951 1373 1236 1470 proeliis
1267 1372 1908 1472 superioreserant.
2008 1375 2184 1448 Una
2216 1373 2311 1446 ad

323 1496 763 1572 coemendos
791 1492 1080 1567 inventa
1111 1495 1303 1567 haud
1335 1521 1593 1592 magna
1620 1513 2016 1570 memoratu
2046 1519 2151 1568 res
2186 1493 2309 1568 est.

321 1619 652 1692 Centum
707 1613 1104 1690 funditores
1155 1619 1247 1690 ab
1301 1615 1540 1715 Aegio
1575 1619 1645 1688 δε
1698 1612 1921 1688 Patris
1952 1618 2019 1688 &
2052 1614 2313 1713 Dymis

327 1734 582 1810 adciti.
683 1740 754 1814 A
804 1734 1043 1832 pueris
1095 1734 1174 1823 ii,
1229 1762 1425 1810 more
1480 1737 1801 1834 quodam
1842 1733 2099 1834 gentiS,
2136 1733 2315 1811 saxis
2375 1797 2381 1810 .

326 1857 664 1954 globofis‚
697 1855 962 1954 quibus
1001 1855 1220 1932 ferme
1249 1883 1496 1930 arenae
1524 1855 1847 1930 inmixtis
1882 1856 2086 1930 strata
2109 1855 2317 1930 litora

329 1974 524 2065 sunt,
575 1975 803 2050 funda
833 2003 1024 2051 mare
1059 1997 1380 2074 apertum
1417 1976 1857 2064 incessentes,
1894 1981 2315 2053 exerceban-

335 2117 482 2170 tur.
585 2097 832 2192 Itaque
881 2094 1166 2196 longius
1217 2095 1615 2195 certiusque
1650 2099 1725 2170 &
1757 2096 2315 2188 validiorejeku,

341 2242 574 2314 quam
623 2215 906 2291 Baliaris
959 2215 1308 2304 funditor,
1361 2244 1448 2290 eo
1488 2219 1631 2292 telo
1664 2218 1767 2290 ufi
1804 2216 1985 2291 sunt.
2089 2220 2187 2291 Et
2218 2218 2320 2292 est

329 2363 483 2412 non
547 2336 880 2434 fimplicis
929 2339 1275 2425 habenae,
1329 2337 1413 2411 ut
1474 2336 1813 2413 Baliarica
1874 2337 2316 2434 aliarumque

329 2456 667 2561 gentium
697 2456 964 2533 funda:
1019 2457 1140 2532 sed
1175 2458 1432 2556 triplex
1469 2457 1753 2546 scutale,
1776 2455 2036 2534 crebris
2056 2455 2312 2533 suturis

328 2581 702 2665 duratum,
739 2605 826 2651 ne
847 2579 1044 2652 fluxa
1068 2579 1342 2653 habena
1360 2581 1719 2654 volutetur
1754 2578 1829 2652 in
1851 2580 2047 2675 jactu
2072 2581 2310 2678 glans;

337 2697 489 2787 sed,
543 2698 794 2773 librata
825 2723 1058 2796 quum
1095 2697 1372 2787 sederit,
1407 2700 1605 2773 velut
1636 2725 1850 2774 nervo
1870 2699 2069 2774 miffa
2096 2723 2317 2774 excu-

331 2819 572 2894 tiatur.
674 2821 988 2892 Coronas
1041 2817 1312 2894 modici
1367 2817 1614 2894 circuli
1656 2845 1919 2918 magno
1958 2847 2049 2893 ex
2100 2819 2312 2896 inter-

333 2941 527 3013 vallo
579 2938 724 3018 loci
767 2937 1038 3014 adsueti
1073 2937 1414 3034 trajicere,
1451 2965 1597 3012 non
1632 2939 1863 3036 capita
1894 2939 2124 3016 solum
2156 2942 2312 3016 hos-

335 3058 528 3136 tium
583 3060 1074 3147 vulnerabant,
1129 3057 1250 3132 sed
1295 3085 1516 3158 quem
1570 3062 1814 3134 locum
1868 3061 2316 3136 destinaffent

331 3179 500 3254 oris.
607 3181 754 3254 Eae
813 3178 1075 3254 fundae
1109 3181 1432 3254 Samaeos
1453 3180 1957 3270 cohibuerunt,
2020 3209 2109 3256 ne
2162 3202 2309 3257 tam

333 3303 616 3388 crebre,
679 3326 858 3374 neve
906 3321 1051 3374 tam
1095 3301 1428 3374 audacter
1471 3323 1961 3399 erumperent:
2014 3303 2196 3388 adeo
2228 3323 2313 3378 ut

333 3442 788 3520 precarentur
815 3445 906 3495 ex
933 3419 1154 3494 muris
1173 3421 1530 3508 Achaeos,
1568 3441 1651 3494 ut
1670 3447 2050 3521 parumper
2076 3421 2311 3498 absce-

337 3543 636 3629 derent3
689 3545 757 3616 &
793 3539 888 3628 se,
953 3567 1124 3614 curn
1154 3540 1504 3614 Romanis
1539 3541 1959 3617 stationibus
1988 3569 2311 3642 pugnan-

337 3683 466 3749 tes,
519 3660 765 3759 quiete
813 3659 1220 3759 spectarent.
1316 3666 1653 3762 Qatuor
1698 3661 1967 3737 menses
2001 3665 2308 3740 obfidio-

337 3809 508 3858 nem
558 3783 764 3856 Same
814 3779 1161 3856 sustinuit.
1260 3786 1520 3882 Qum
1559 3808 1651 3856 ex
1694 3783 1937 3881 paucis
1970 3784 2310 3884 quotidie

340 3900 563 4001 aliqui
591 3927 841 3976 eorum
877 3903 1230 3989 caderent,
1277 3923 1402 3976 aut
1433 3904 1989 3994 vulnerarentur,
2034 3907 2136 3995 δε,
2184 3905 2312 4005 qui

343 4021 771 4121 superarent,
828 4021 974 4098 feffi
1025 4024 1102 4096 &
1141 4021 1585 4121 corporibuS,
1637 4024 1715 4096 ὅτ,
1753 4025 2010 4099 animis
2054 4029 2269 4100 effent
2284 4059 2307 4114 3

345 4143 664 4220 Romani
693 4145 900 4219 noste
921 4169 1046 4241 per
1073 4168 1334 4232 arcem,
1373 4169 1595 4242 quam
1618 4145 1995 4243 Cyatidem
2025 4168 2313 4235 vocant,
