3100 5359
1022 724 1499 799 Erat-n
1601 722 1771 800 XL.
2223 752 2365 830 377

384 886 831 977 montorium
886 893 975 974 iis
1018 898 1419 990 Minervae,
1468 901 1668 975 velut
1717 898 1956 986 card0,
2007 899 2084 973 in
2123 904 2368 978 medio

382 1024 587 1099 effet=
622 1022 793 1095 alter
822 1019 900 1093 in
928 1020 1251 1095 dextram
1278 1041 1547 1119 partem
1581 1018 1806 1119 usque
1832 1021 1925 1095 ad
1959 1022 2366 1112 Maffiliam,

384 1142 655 1217 laevam
681 1143 853 1216 alter
880 1140 1103 1239 usque
1130 1142 1221 1215 ad
1251 1140 1537 1216 Barium
1571 1160 1905 1216 tueretur.

486 1263 696 1337 XIX.
798 1261 1136 1362 Prodigia
1158 1260 1385 1337 multa
1408 1261 1622 1337 foeda
1647 1264 1716 1336 ὅτ
1751 1263 2030 1337 Romae
2059 1288 2146 1337 eo
2179 1288 2370 1337 anno

382 1380 556 1470 visa,
590 1387 660 1457 δε
694 1382 1028 1459 nunciata
1054 1408 1365 1483 peregre.
1432 1384 1519 1457 In
1544 1408 1704 1457 area
1734 1382 2137 1458 Vulcani&
2172 1386 2368 1459 Con·

386 1500 671 1577 cordiae
720 1500 1138 1604 sanguinem
1176 1503 1406 1602 pluit;
1460 1508 1529 1578 &
1549 1502 1926 1603 pontifices
1959 1502 2182 1579 hastas
2211 1528 2367 1577 mo-

384 1643 491 1697 tas
540 1622 992 1713 nunciavere,
1044 1629 1114 1699 &
1167 1624 1484 1699 Lanuvii
1538 1624 1998 1700 fimulacrum
2053 1622 2366 1719 Junonis

384 1742 693 1841 Sospitae
740 1744 1141 1819 lacrimaffe.
1244 1748 1343 1819 Et
1376 1743 1770 1843 pestilentia
1795 1745 1872 1819 in
1901 1743 2112 1845 agriS,
2165 1742 2364 1819 foris·

384 1888 557 1961 que,
612 1868 682 1937 &
716 1864 1232 1953 conciliabulis,
1276 1870 1344 1939 &
1372 1864 1449 1937 in
1476 1868 1655 1939 urbe
1685 1884 1877 1939 tanta
1901 1884 2071 1950 erat,
2123 1884 2208 1937 ut
2235 1862 2368 1937 Li·-

384 1982 613 2057 bitina
660 2004 835 2059 tunc
894 1986 1018 2059 vix
1069 1986 1459 2061 subficeret.
1559 1984 1708 2058 His
1757 1982 2102 2082 prodigiis
2147 1982 2365 2057 eladi-

386 2104 665 2203 busque
716 2104 913 2179 anxii
960 2109 1197 2180 Patres
1243 2106 1732 2191 decreverunt,
1783 2124 1867 2177 ut
1911 2108 1982 2178 ὅτ
2016 2102 2364 2192 consuler»,

385 2225 655 2323 quibus
704 2225 865 2299 Diis
898 2223 1283 2311 videretur,
1334 2222 1579 2298 hostiis
1613 2222 1998 2321 majoribus
2027 2222 2370 2299 sacrifica-

388 2366 569 2433 rent,
600 2345 677 2417 &
708 2343 1095 2419 decemviri
1122 2342 1337 2420 libros
1370 2342 1670 2418 adirent.
1774 2346 2050 2421 Eorum
2077 2346 2369 2421 decreto

386 2463 807 2565 supplicatio
837 2465 1023 2540 circa
1046 2462 1292 2538 omnia
1321 2462 1716 2561 pulvinaria
1749 2466 2028 2541 Romae
2055 2465 2134 2540 in
2166 2464 2368 2541 diem

384 2610 619 2660 unum
666 2584 935 2659 indista
988 2584 1109 2659 est.
1211 2582 1472 2659 Iisdem
1524 2583 1934 2660 auetoribus
1977 2589 2047 2661 &
2093 2584 2368 2661 senatus

386 2703 684 2794 censuit,
736 2705 813 2777 δε
844 2703 1165 2781 consules
1192 2704 1596 2794 edixerunt,
1647 2724 1734 2779 ut
1763 2731 1887 2805 per
1918 2725 2140 2781 totam
2175 2706 2366 2781 Itali-

382 2847 505 2901 am
524 2825 849 2901 triduum
868 2823 1285 2925 supplicatio
1304 2830 1375 2900 ὅτ
1404 2824 1612 2900 feriae
1645 2828 1882 2900 effent.
1925 2825 2370 2901 Pestilentiae

388 2966 581 3021 tanta
634 2944 743 3021 vis
810 2965 981 3033 erat,
1052 2965 1161 3033 ut,
1240 2970 1477 3044 quum
1541 2965 1828 3045 propter
1887 2944 2368 3019 defefflonem

388 3065 799 3154 Corsorum,
852 3066 1267 3164 bellumque
1300 3070 1393 3141 ab
1426 3064 1792 3141 Iliensibus
1821 3063 2262 3140 concitatum
2291 3064 2368 3139 in

382 3185 732 3275 Sardinia,
782 3188 949 3261 octo
983 3185 1211 3260 millia
1241 3186 1571 3284 peditum
1605 3210 1696 3259 ex
1723 3182 1928 3259 sociis
1961 3183 2208 3259 Latini
2237 3210 2367 3259 no-

386 3304 605 3381 minis
656 3305 867 3382 scribi
911 3304 1302 3405 placuisset,
1352 3307 1427 3379 &
1458 3326 1806 3381 trecentos
1831 3303 2133 3403 equites,
2184 3330 2370 3405 quos

384 3426 507 3501 M.
534 3424 863 3501 Pinarius
887 3448 1165 3525 praetor
1195 3425 1435 3501 secum
1468 3426 1546 3501 in
1573 3424 1968 3503 Sardiniam
1995 3426 2364 3524 trajiceret,

384 3564 669 3622 tantum
688 3546 1073 3623 hominum
1098 3548 1562 3623 demortuum
1586 3549 1751 3635 efl'e,
1781 3567 2062 3622 tantum
2089 3546 2370 3646 ubique

380 3691 757 3767 aegrorum
803 3666 1124 3743 consules
1167 3666 1766 3757 renunciaverint,
1815 3688 1903 3741 ut
1933 3666 1992 3742 is
2025 3676 2366 3745 numerus

378 3786 571 3862 effici
593 3786 911 3863 militum
937 3814 1083 3862 non
1102 3787 1434 3886 potuerit.
1497 3788 1726 3890 Qod
1753 3790 1993 3864 deerat
2017 3787 2362 3881 militum,

382 3904 657 3983 sumere
708 3934 749 3983 a
794 3910 931 3985 Cn.
966 3906 1229 3985 Baebio
1260 3905 1712 4006 proconsule,
1764 3908 1892 4008 qui
1927 3907 2096 3983 Pifis
2130 3907 2366 3984 hiber-

384 4030 623 4117 nabat,
672 4028 903 4125 jufl'us
966 4048 1265 4128 praetor,
1328 4048 1546 4126 atque
1611 4027 1782 4103 inde
1839 4027 1916 4102 in
1967 4026 2367 4107 Sardiniam

378 4146 713 4244 trajicere.
786 4151 883 4223 L.
902 4148 1238 4223 Duronio
1265 4148 1596 4247 praetori,
1615 4146 1739 4237 cui,
1763 4147 2130 4248 provincia
2153 4152 2364 4249 Apule
