3100 5359
782 696 871 791 98
1472 690 2102 763 T.L1v11

780 863 1058 963 quietos
1117 862 1555 961 aliquamdiu
1615 861 1801 951 suos,
1874 863 2070 937 velut
2127 862 2220 935 ad
2273 859 2752 961 speetaculum

780 986 1003 1057 modo
1058 984 1377 1071 edu&os‚
1430 980 1832 1055 continuit:
1884 981 2262 1079 postquam
2313 980 2616 1079 dilapsos
2663 985 2750 1057 ab

782 1101 1155 1176 ordinibus
1190 1101 1419 1175 hostes
1454 1100 1662 1188 vidit,
1716 1100 2104 1198 peditibuS‚
2158 1121 2514 1197 quantum
2547 1104 2752 1177 adce-

784 1226 995 1296 lerare
1023 1222 1319 1317 poffent,
1355 1219 1551 1317 sequi
1573 1220 1787 1315 juffis,
1823 1220 1962 1320 ipse
1995 1218 2322 1317 princeps
2350 1218 2530 1295 inter
2555 1221 2752 1321 equi-

784 1363 887 1417 tes
921 1368 1091 1416 cum
1126 1360 1357 1413 turma
1387 1338 1533 1425 sua,
1587 1364 1804 1437 quam
1839 1342 2058 1437 poffet
2091 1340 2496 1415 effufiffimis
2541 1344 2754 1418 habe·

784 1462 920 1549 nis,
973 1462 1277 1533 clamore
1322 1461 1412 1533 ab
1468 1457 1667 1531 omni
1716 1461 1915 1533 fimul
1959 1458 2202 1555 pedite
2248 1480 2462 1558 atque
2515 1461 2754 1561 equite

787 1581 1083 1669 sublat0‚
1114 1578 1480 1653 stationem
1508 1577 1819 1652 hostium
1843 1578 2193 1676 inproviso
2217 1579 2508 1656 invadit.
2579 1585 2754 1657 Non

786 1700 1111 1773 homines
1140 1696 1394 1784 solum,
1448 1695 1567 1770 sed
1603 1697 1773 1794 equi
1809 1698 2020 1773 etiam
2056 1698 2302 1787 territi,
2341 1727 2568 1799 quum
2603 1701 2754 1775 vin-

792 1822 955 1894 cula
986 1817 1441 1915 abrupiffent,
1478 1816 2020 1915 trepidationem
2052 1818 2127 1890 &
2161 1821 2552 1895 tumultum
2579 1820 2757 1895 inter

786 1938 944 2013 suos
966 1938 1319 2023 fecerunt,
1342 1935 1549 2035 pauci
1573 1935 1842 2010 stabant
1863 1935 2178 2034 inpavidi
2201 1937 2404 2036 equi:
2435 1966 2554 2013 eos
2575 1938 2755 2037 ipsos

790 2083 937 2132 non
970 2057 1292 2143 sternere,
1344 2082 1491 2129 non
1524 2054 1896 2145 infrenare,
1947 2079 2073 2131 aut
2099 2056 2520 2133 adscendere
2556 2058 2756 2133 facile

788 2198 1131 2277 poterant,
1168 2178 1395 2249 multo
1425 2176 1785 2270 majorem,
1822 2202 2038 2273 quam
2068 2202 2198 2273 pro
2226 2203 2526 2251 numero
2557 2177 2756 2276 equi-

790 2319 976 2385 tum,
1029 2320 1362 2371 terrorem
1398 2294 1704 2369 Achaeis
1739 2294 2224 2370 inferentibus.
2326 2297 2610 2371 Pedites
2641 2324 2756 2371 ve-

788 2444 868 2492 ro
897 2416 1201 2491 ordinati
1236 2421 1305 2490 &
1336 2412 1713 2513 praeparati
1762 2413 2018 2512 sparsos
2053 2441 2176 2512 per
2210 2416 2754 2515 neglegentiam,

790 2540 860 2610 8(
915 2534 1368 2609 semisomnos
1419 2556 1638 2633 prope
1691 2534 1918 2608 adorti
1973 2533 2172 2608 sunt:
2229 2538 2477 2613 caedes
2519 2540 2760 2635 paffirn

790 2654 1105 2753 fugaque
1152 2680 1277 2751 per
1311 2679 1598 2749 campos
1633 2651 1816 2726 facta
1848 2653 1968 2728 est.
2071 2653 2514 2750 Diophanes,
2567 2654 2760 2729 secu-

792 2794 906 2847 tus
932 2771 1210 2860 effusos,
1263 2776 1503 2871 quoad
1534 2794 1778 2846 tutum
1801 2771 1964 2861 fuit,
2015 2800 2280 2873 magno
2309 2777 2761 2849 Achaeorum

793 2890 989 2991 genti
1037 2894 1292 2966 decore
1342 2914 1574 2991 parto,
1629 2890 2132 2989 (spedtaverant
2181 2892 2376 2967 enim
2411 2920 2450 2967 e
2483 2894 2756 2968 moeni-

791 3014 928 3085 bus
962 3010 1287 3108 Pergami
1334 3038 1481 3085 non
1520 3010 1653 3085 viri
1701 3014 1949 3100 mode,
2004 3011 2125 3087 sed
2171 3010 2476 3087 feminae
2512 3012 2758 3109 etiam)

794 3130 868 3204 in
903 3128 1325 3227 praefidium
1366 3130 1562 3205 urbis
1596 3130 1832 3205 rediit.

888 3252 1097 3325 XXI.
1198 3251 1485 3326 Postero
1524 3251 1642 3325 die
1683 3252 1940 3352 regiae,
1991 3253 2214 3353 magis
2241 3260 2660 3354 compositae
2695 3260 2764 3331 δι

798 3369 1187 3457 ordinatae,
1238 3369 1564 3445 stationes
1598 3370 2009 3470 quingentis
2030 3377 2331 3470 passibus
2359 3376 2644 3475 longius
2675 3379 2764 3453 ab

790 3491 969 3563 urbe
1022 3488 1407 3585 posuerunt
1457 3490 1711 3565 castra:
1779 3496 1844 3565 δι
1904 3491 2176 3567 Achaei
2231 3495 2488 3569 eodem
2545 3495 2762 3571 ferme

791 3630 1134 3705 tempore,
1186 3628 1400 3705 atque
1452 3608 1523 3681 in
1577 3612 1916 3684 eumdem
1970 3613 2212 3687 locum
2267 3613 2762 3711 processerunt.

790 3729 925 3800 Per
957 3728 1213 3800 multas
1242 3730 1444 3801 horas
1474 3727 1728 3801 intenti
1770 3729 2133 3829 utrimque
2161 3735 2357 3806 velut
2380 3734 2534 3829 jam
2567 3735 2761 3810 futu-

792 3870 951 3919 rum
982 3845 1303 3943 inpetum
1342 3846 1854 3945 exspectavere:
1893 3850 2266 3949 postquam
2293 3855 2486 3927 haud
2511 3858 2768 3953 procul

790 3963 1039 4039 occasu
1087 3963 1245 4039 solis
1286 3967 1636 4041 redeundi
1672 3968 1748 4041 in
1793 3969 2008 4044 castra
2053 3992 2334 4072 tempus
2367 3995 2537 4062 erat,
2589 3974 2768 4075 regii

788 4083 1005 4185 fignis
1030 4084 1327 4161 conlatis
1360 4084 1551 4162 abire
1585 4087 1899 4187 agmine,
1949 4092 2040 4165 ad
2075 4090 2208 4167 iter
2239 4091 2491 4193 magis,
2545 4118 2768 4195 quam
