3100 5359
870 754 1320 829 L1nnn
1423 756 1780 830 XXXVI.
2002 704 2013 713 ·
2182 778 2274 853 47

305 948 422 1004 ret
451 929 611 1017 effe,
665 928 1066 1027 obpugnari
1105 951 1357 1029 coepta
1396 930 1516 1005 est.
1622 927 1913 1005 Etenim
1960 930 2142 1003 duae
2177 927 2281 1003 ci-

305 1048 588 1137 vitates»,
642 1050 964 1123 Meffene
1011 1053 1079 1123 &
1130 1050 1306 1139 Elis,
1359 1073 1556 1125 extra
1588 1049 1982 1126 concilium
2017 1051 2283 1124 Acha'i-

309 1196 488 1247 cum
521 1190 756 1246 erant:
809 1194 981 1244 cum
1011 1171 1284 1245 Aetolis
1312 1170 1723 1247 sentiebant.
1825 1168 1985 1246 Elei
2018 1190 2283 1255 tamen,

306 1291 474 1389 post
517 1290 848 1391 fugatum
893 1316 986 1364 ex
1031 1292 1329 1367 Graecia
1372 1292 1849 1379 Antiochum,
1902 1288 2148 1389 legatis
2182 1292 2287 1363 A·

313 1412 702 1486 chaeorurn
735 1410 966 1486 lenius
1002 1410 1539 1511 responderant;
1578 1410 1927 1485 “dimiffo
1948 1407 2288 1509 praefidit>

313 1542 372 1579 “
409 1530 631 1631 regie,
667 1532 1096 1633 cogitaturos
1118 1531 1210 1619 se,
1246 1533 1430 1632 quid
1457 1533 1586 1609 fibi
1616 1531 2027 1608 faciendum
2057 1531 2289 1604 effet.''

314 1650 681 1741 Meffenii,
732 1652 876 1727 fine
913 1652 1231 1752 responso
1272 1652 1561 1728 dimiffis
1604 1650 1874 1751 legatia,
1926 1671 2291 1724 moverant

315 1773 643 1859 bellum3
715 1772 1122 1872 trepidique
1180 1800 1414 1849 rerum
1467 1772 1779 1861 suarum,
1861 1796 2093 1870 quum
2138 1771 2291 1866 jam

318 1918 488 1993 ager
546 1892 766 1966 effuso
825 1894 1141 1968 exercitu
1211 1898 1452 1993 paffim
1518 1914 1860 1981 ureretur,
1932 1892 2291 1988 castraque

319 2038 543 2113 prope
571 2015 826 2087 urbem
862 2012 1032 2110 poni
1071 2013 1416 2103 viderent,
1451 2018 1717 2113 legatos
1752 2012 2173 2089 Chalcidem
2199 2012 2327 2095 ad,

322 2136 418 2209 T.
449 2131 912 2233 Qincfium,
964 2136 1324 2209 auctorem
1359 2134 1723 2223 libertatiS,
1762 2132 2127 2220 miserunt,
2163 2130 2293 2230 qui

321 2251 774 2341 nunciarent,
826 2254 1212 2329 Messenios
1245 2254 1625 2343 RomaniS,
1680 2281 1825 2328 non
1857 2252 2188 2340 Achaeis,
2224 2256 2295 2325 &

321 2372 594 2471 aperire
620 2394 880 2472 portas,
917 2377 986 2449 &
1015 2375 1272 2449 dedere
1301 2378 1555 2449 urbem
1584 2396 1855 2472 paratos
1884 2377 2040 2448 effe.
2141 2377 2297 2448 Au-

322 2492 496 2567 ditis
527 2492 797 2593 legatiS,
831 2496 1193 2592 extemplo
1217 2493 1572 2592 profectus
1598 2494 2012 2596 Quinctius,
2063 2520 2104 2569 a
2129 2495 2297 2568 Me-

325 2612 644 2714 galopoli
707 2615 799 2688 ad
861 2614 1318 2714 Diophanem
1383 2634 1775 2713 praetorem
1844 2618 2300 2691 Achaeorum

327 2732 545 2821 mifit,
597 2732 726 2831 qui
761 2736 1122 2833 extemplo
1167 2737 1502 2811 reducere
1549 2763 1719 2811 eum
1752 2762 1795 2811 a
1827 2734 2146 2811 Messene
2180 2758 2301 2808 ex-

327 2852 664 2941 ercitum,
717 2857 788 2928 81
843 2854 1084 2929 venire
1137 2856 1231 2929 ad
1282 2855 1350 2929 se
1391 2856 1701 2952 juberet.
1808 2855 2029 2931 Dicto
2072 2853 2304 2955 paruit

331 2974 795 3073 Diophanes:
848 2979 945 3063 ὅτ,
996 2974 1220 3051 soluta
1271 2976 1659 3064 obfidione,
1708 2976 2085 3075 expeditus
2131 2975 2302 3074 ipse,

327 3096 762 3195 praegressus
795 3118 1080 3195 agmen,
1132 3094 1318 3171 circa
1351 3097 1790 3184 Andaniam,
1841 3122 2141 3195 parvum
2170 3121 2300 3194 op-

325 3215 623 3315 pidum,
657 3215 838 3290 inter
857 3216 1382 3315 Megalopolim
1419 3218 1936 3316 Mefl'enenque
1970 3216 2305 3315 pofitum,

325 3334 690 3436 Qinffio
715 3335 1068 3422 obcurrit3
1121 3341 1218 3424 ὅτ,
1272 3362 1502 3436 quum
1537 3338 1798 3412 caussas
1832 3336 2307 3436 obpugnatio·

331 3455 450 3531 nis
501 3476 912 3556 exponeret,
977 3455 1394 3557 castigatum
1451 3456 1724 3546 leniter,
1788 3458 1993 3556 quod
2045 3476 2311 3531 tantam

333 3602 496 3652 rem
541 3576 689 3650 fine
733 3576 1142 3651 auctoritate
1188 3575 1312 3652 sua
1353 3598 1649 3652 conatus
1702 3577 1892 3664 effet,
1956 3575 2314 3653 dimittere

331 3696 738 3773 exercitum
759 3697 978 3793 juffit,
1013 3722 1148 3771 nec
1176 3722 1427 3795 pacem
1459 3695 1791 3771 omnium
1814 3702 2016 3771 bono
2045 3719 2313 3795 partam

333 3820 651 3895 turbare.
751 3815 1118 3891 Meffeniis
1153 3816 1549 3915 imperavit,
1603 3837 1686 3890 ut
1716 3816 1985 3890 exsules
2023 3818 2315 3891 reduce-

333 3960 526 4027 rent,
579 3942 650 4011 &
686 3938 1140 4013 Achaeorum
1172 3935 1459 4011 concilii
1489 3937 1769 4011 effent.
1826 3935 1901 4009 Si
1934 3960 2079 4032 qua
2103 3938 2316 4012 habe-

341 4078 530 4148 rent,
603 4058 696 4133 de
753 4055 1018 4155 quibus
1071 4077 1193 4131 aut
1245 4054 1578 4144 recusare,
1648 4077 1772 4131 aut
1829 4053 1904 4130 in
1961 4055 2317 4154 posterum

343 4178 584 4256 caveri
617 4176 742 4255 fibi
769 4178 1056 4267 vellent,
1089 4175 1522 4253 Corinthum
1556 4177 1649 4251 ad
1675 4174 1742 4250 se
1766 4174 2109 4252 venirent.
2192 4176 2322 4251 Di-
