3100 5359
1037 733 1499 806 LIBER
1602 728 1773 806 XL.
2246 755 2393 828 409

410 927 716 1004 deduxit
777 925 1144 1028 castigatos
1207 927 1417 1004 Pisas.
1541 929 1657 1004 De
1715 924 1963 1003 ceteris
2026 925 2393 1002 consulem

411 1050 784 1126 certiorem
819 1047 1011 1123 fecit.
1115 1051 1229 1124 Eo
1280 1048 1650 1137 referente,
1707 1045 2387 1130 senatusconsultum

409 1169 677 1244 factum
705 1159 850 1258 ests
885 1191 966 1243 ut
993 1171 1110 1244 M.
1139 1169 1442 1245 Fulvius
1477 1169 1552 1245 in
1588 1167 2018 1268 Hispaniam
2049 1170 2389 1268 relegare·

408 1311 525 1365 tur
549 1293 735 1366 ultra
761 1317 1018 1366 novam
1057 1289 1597 1390 Karthaginem.
1702 1289 2131 1388 Literaeque
2167 1288 2233 1363 ei
2270 1289 2392 1363 da-

413 1431 523 1486 tae
558 1409 718 1486 sunt
765 1439 806 1486 a
847 1411 1134 1487 consule
1179 1414 1270 1486 ad
1306 1416 1388 1487 P.
1425 1411 1798 1488 Manlium
1845 1411 1921 1486 in
1968 1410 2394 1511 Hispaniam

410 1533 818 1608 ulteriorem
844 1531 1285 1610 deferendae.
1375 1533 1656 1608 Milites
1677 1534 1839 1630 juffi
1871 1532 1965 1607 ad
1990 1535 2181 1632 figna
2208 1533 2392 1608 redi-

407 1679 506 1728 re.
612 1655 866 1729 Cauffa
917 1652 1386 1754 ignominiae,
1435 1656 1545 1730 uti
1596 1652 1915 1729 semestre
1952 1653 2391 1754 stipendium

406 1773 486 1848 in
517 1801 686 1850 eum
719 1801 994 1850 annum
1025 1779 1194 1850 effer
1217 1776 1284 1850 ei
1314 1775 1609 1875 legioni,
1646 1777 2051 1850 decretum:
2090 1774 2219 1874 qui
2248 1771 2391 1850 mi'-

405 1896 506 1969 les
531 1897 624 1970 ad
653 1896 1050 1974 exercitum
1081 1923 1226 1971 non
1255 1897 1566 1985 rediffet,
1600 1919 1770 1970 eum
1795 1893 2031 1990 ipsum
2054 1897 2387 1995 bonaque

391 2015 556 2112 ejus
589 2020 896 2094 vendere
932 2017 1178 2093 consul
1201 2019 1453 2115 juffus.

506 2135 754 2212 XLII.
862 2141 1144 2215 Eodem
1177 2165 1366 2214 anno
1395 2140 1490 2213 L.
1519 2136 1919 2226 DuroniuS,
1956 2136 2084 2237 qui
2116 2158 2395 2236 praetor

409 2283 599 2333 anno
651 2258 1007 2358 superiore
1060 2287 1152 2336 ex
1203 2258 1490 2358 Illyrico
1545 2284 1717 2334 cum
1780 2261 2034 2334 decem
2090 2259 2391 2336 navibus

405 2377 866 2455 Brundisium
905 2381 1232 2469 redierat,
1284 2380 1482 2469 inde,
1535 2379 1610 2455 in
1645 2399 1855 2479 portu
1890 2377 2154 2454 reliffis
2189 2379 2387 2456 navi-

404 2501 573 2588 buS,
626 2527 856 2600 quum
915 2500 1208 2578 veniffet
1273 2503 1625 2588 Romam,
1686 2500 1871 2576 inter
1931 2501 2391 2599 exponendas

404 2645 542 2709 reS,
579 2647 754 2719 quas
783 2621 884 2698 ibi
917 2624 1235 2722 geffiffet,
1266 2622 1463 2697 haud
1489 2621 1713 2696 dubie
1740 2621 1816 2695 in
1844 2647 2084 2722 regem
2112 2621 2387 2722 Illyrio-

408 2766 572 2815 rum
609 2739 960 2817 Gentium
994 2741 1349 2818 latrocinii
1401 2741 1638 2817 omnis
1691 2740 2033 2817 maritimi
2082 2745 2391 2819 cauffam

405 2861 679 2936 avertit.
783 2873 835 2907 “
870 2865 989 2938 Ex
1034 2890 1254 2963 regno
1289 2863 1438 2960 ejus
1474 2887 1727 2938 omnes
1761 2889 1973 2938 naves
2008 2865 2168 2954 efl'e,
2203 2891 2387 2964 quae

405 2993 458 3068 ἢ*
497 2981 729 3081 superi
784 2983 996 3058 maris
1043 3010 1242 3059 oram
1277 2984 1748 3083 depopulatae
1783 2985 2025 3058 effent.
2127 2969 2243 3061 De
2278 2985 2389 3060 his

405 3111 461 3147 “
497 3107 708 3180 rebus
761 3104 827 3180 se
863 3106 1130 3206 legatos
1183 3103 1461 3193 mififfe,
1515 3129 1650 3179 nec
1686 3102 2165 3180 conveniendi
2199 3106 2385 3208 regis

404 3235 456 3269 ‘⁶
495 3225 910 3325 potestatem
959 3225 1288 3301 faecamss’
1390 3228 1746 3300 Venerant
1801 3227 2119 3302 Romam
2172 3227 2387 3329 legati

401 3373 446 3422 a
493 3345 788 3435 Gentio,
838 3346 994 3444 qui,
1049 3357 1096 3391 “
1134 3372 1286 3445 quo
1321 3368 1643 3447 ternpore
1676 3344 1995 3422 Romani
2045 3349 2387 3425 conveni·
2430 3437 2435 3446 ,

398 3473 452 3509 “
492 3465 662 3541 endi
695 3465 876 3566 regis
913 3468 1140 3542 cauffa
1163 3467 1532 3555 venissent,
1568 3493 1861 3567 aegrum
1898 3467 2077 3544 forte
2110 3496 2279 3546 eum
2304 3471 2385 3547 in

405 3595 458 3630 “
495 3586 770 3662 ultimis
821 3587 1140 3687 partibus
1174 3586 1376 3661 fuisse
1413 3586 1661 3687 regni'’
1711 3587 2053 3666 dicerent.
2157 3603 2208 3636 “
2246 3596 2381 3668 Pe·

404 3717 458 3751 “
495 3729 641 3783 tere
692 3707 1041 3783 Gentium
1074 3711 1168 3783 ab
1203 3707 1473 3797 senatu,
1527 3734 1616 3782 ne
1656 3711 2021 3786 crederent
2064 3715 2388 3790 confictis

402 3837 455 3872 “
493 3827 915 3904 criminibus
950 3827 1027 3902 in
1059 3826 1151 3917 se,
1183 3854 1366 3926 quae
1394 3827 1678 3904 inimici
1708 3831 2179 3906 detuliffent.”
2254 3837 2384 3910 Ad

403 3975 487 4023 ea
561 3951 935 4025 Duronius
1015 3947 1300 4045 adjecit,
1385 3947 1631 4023 multis
1690 3950 1971 4027 civibus
2034 3954 2387 4050 Romanis

404 4074 475 4143 δε
525 4069 729 4145 sociis
781 4069 1028 4145 Latini
1085 4068 1400 4144 nominis
1449 4069 1739 4166 injurias
1790 4053 2011 4147 factas*
2032 4073 2107 4150 in
2160 4101 2384 4176 regno

405 4189 602 4286 ejus;
673 4191 751 4266 δε
805 4191 996 4267 cives
1050 4193 1428 4267 Romanos
1479 4191 1627 4269 dici
1678 4193 2024 4292 Corcyrae
2076 4194 2382 4272 retineri.
