3100 5359
755 629 890 704 168
1411 625 2041 702 T.1..1v11

753 798 1084 884 cedones,
1123 787 1374 894 parum
1405 797 1569 872 loco
1604 793 1787 883 freti,
1822 797 1913 870 ab
1947 792 2257 892 Ethopia
2282 791 2358 868 in
2390 792 2715 872 altiorem

753 917 1380 1016 deruptioremque
1460 914 1791 1014 undique
1868 916 2233 992 tumulum
2300 915 2715 992 conceffere.

751 1043 928 1138 Qo
981 1038 1306 1137 pluribus
1365 1037 1538 1114 locis
1584 1035 1789 1117 aditu
1842 1035 2160 1125 invent0,
2208 1037 2543 1134 expulere
2594 1061 2719 1110 eos

753 1161 1222 1236 Athamanes:
1277 1155 1782 1256 dispersosque,
1834 1161 1903 1234 &-
1935 1181 2061 1256 per
2092 1154 2317 1232 invias
2348 1175 2563 1252 atque
2608 1153 2718 1254 ig·

753 1299 954 1354 notas
1008 1304 1216 1376 rupes
1282 1277 1410 1353 iter
1473 1276 1684 1376 fugae
1734 1302 1883 1352 non
1932 1276 2413 1375 expedientes,
2460 1274 2723 1374 partim

753 1420 1120 1497 ceperunt,
1143 1396 1396 1496 partim
1417 1395 1948 1472 interfecerunt:
1982 1395 2195 1472 multi
2218 1385 2473 1495 pavore
2494 1395 2571 1470 in
2593 1396 2719 1470 de-

753 1540 960 1615 rupta
975 1515 1437 1618 praecipitati,
1467 1516 1799 1615 perpauci
1834 1542 2005 1592 cum
2041 1519 2336 1592 Zenone
2366 1517 2459 1590 ad
2476 1541 2723 1615 regem

757 1635 1151 1712 evaserunt.
1251 1636 1538 1712 Postero
1590 1637 1710 1712 die
1766 1661 1892 1733 per
1948 1634 2271 1712 inducias
2330 1634 2721 1735 sepeliendi

756 1756 986 1836 caesos
1011 1757 1310 1857 potestas
1343 1756 1526 1832 fafta
1557 1757 1678 1832 est.

849 1878 982 1952 111.
1081 1877 1575 1976 Amynander,
1626 1897 2033 1974 recuperato
2064 1900 2311 1975 regn0‚
2346 1877 2611 1975 legatos
2640 1877 2723 1950 δι

757 1997 1074 2072 Romam
1127 1999 1217 2072 ad
1272 1996 1617 2084 senatum,
1676 1996 1753 2070 δε
1802 1996 1894 2070 ad
1938 1993 2302 2092 Scipiones
2341 1995 2417 2070 in
2452 1999 2721 2084 Aliam,

759 2118 1013 2214 Ephesi
1067 2117 1223 2215 post
1288 2141 1633 2215 magnum
1690 2141 1863 2190 cum
1932 2113 2298 2188 Antiocho
2366 2113 2725 2212 proelium

752 2257 1128 2324 morantes,
1195 2235 1400 2310 misit.
1499 2239 1759 2310 Pacem
1812 2237 2119 2331 petebat,
2198 2233 2725 2332 excusabatque

751 2354 914 2444 sese,
997 2356 1202 2453 quod
1267 2381 1390 2454 pet
1467 2355 1763 2431 Aetolos
1826 2355 2281 2451 recuperasset
2342 2373 2723 2451 paternum

753 2499 1078 2574 regnum.
1176 2473 1595 2573 Philippum
1629 2471 2014 2548 incusabat.
2114 2473 2355 2548 Aetoli
2382 2499 2473 2548 ex
2492 2475 2723 2548 Atha-

751 2592 990 2670 mania
1041 2591 1118 2668 in
1174 2593 1699 2691 Amphilochos
1754 2591 2047 2691 profecti
2087 2590 2275 2682 sunt,
2328 2598 2395 2668 δε
2440 2593 2727 2690 majoris

751 2711 964 2811 partis
999 2713 1361 2787 voluntate
1393 2713 1468 2786 in
1489 2714 1611 2810 jus
1648 2711 2143 2812 ditionemque
2178 2736 2398 2789 totam
2432 2713 2727 2814 redege-

752 2852 922 2906 runt
961 2852 1272 2930 gentem.
1371 2832 1885 2931 Amphilochia
1912 2855 2215 2931 recepta,
2266 2841 2461 2932 (nam
2494 2833 2729 2910 fuerat

755 2953 1126 3049 quondam
1180 2954 1637 3047 Aetolorum)
1694 2954 1943 3027 eadem
1980 2953 2097 3052 spe
2136 2953 2208 3028 in
2256 2955 2723 3053 Aperantiam

757 3070 1352 3147 transcenderunt.
1455 3075 1563 3146 Ea
1595 3097 1889 3171 quoque
1922 3099 2179 3173 magna
2230 3069 2321 3150 eir
2354 3097 2546 3172 parte
2580 3078 2724 3149 fine

757 3191 1138 3268 certamine
1197 3191 1274 3265 in
1323 3190 1768 3267 deditionem
1820 3193 2037 3267 venit.
2140 3197 2457 3294 Dolopes
2508 3219 2725 3268 num-

758 3336 978 3411 quam
1045 3313 1468 3386 Aetolorum
1529 3309 1835 3388 fuerant:
1901 3312 2223 3411 Philippi
2290 3334 2505 3388 erant.
2609 3314 2725 3388 Hi

758 3431 1076 3530 primum
1127 3432 1220 3506 ad
1283 3456 1474 3506 arma
1525 3454 2072 3510 concurrerunt:
2126 3455 2469 3521 ceterum,
2532 3435 2725 3531 post-

759 3541 980 3649 quam
1027 3550 1548 3648 Amphilochos
1596 3577 1767 3627 cum
1804 3552 2081 3627 Aetolis
2114 3556 2274 3641 effe,
2326 3553 2724 3652 fugamque

751 3697 842 3746 ex
901 3669 1330 3748 Athamania
1376 3670 1723 3770 Philippi,
1776 3677 1847 3747 &
1893 3675 2183 3748 caedem
2217 3674 2539 3771 praesidii
2574 3676 2729 3772 ejus

758 3815 1115 3889 accepere,
1169 3795 1236 3864 ὅτ
1271 3789 1394 3889 ipfi
1421 3818 1464 3864 a
1495 3791 1833 3890 Philippo
1866 3793 1957 3866 ad
2006 3795 2301 3868 Aetolos
2352 3794 2727 3872 deficiunt.

759 3909 1048 4013 Qibus
1113 3910 1585 4008 circumjectis
1642 3911 1977 4011 gentibus
2020 3913 2173 4010 jam
2205 3913 2533 4013 undique
2572 3913 2640 3989 se
2684 3943 2729 3990 a

761 4029 1290 4107 Macedonibus
1319 4051 1510 4106 tutos
1541 4031 1993 4107 credentibus
2024 4035 2189 4124 effe,
2234 4033 2510 4111 Aetolis
2538 4029 2731 4111 fama
