3100 5359
790 716 933 815 382
1460 714 2089 789 T.Ltvrr

775 883 1077 983 penuria
1102 902 1286 975 erat,
1334 905 1417 959 ut
1451 883 1527 959 in
1569 884 1884 985 regione,
1935 910 2156 985 quam
2197 886 2292 960 ab
2323 883 2522 959 omni
2553 904 2760 983 parte

780 1004 1191 1081 solitudines
1216 1005 1646 1081 clauderent.
1746 1007 1994 1105 Itaque
2019 1030 2250 1079 unum
2285 1024 2566 1079 tantum
2597 1030 2758 1079 rno-

778 1145 971 1203 ratus
1002 1124 1226 1213 diem,
1278 1123 1540 1222 quietis
1585 1150 1838 1199 eorum
1881 1128 2136 1211 cauffa,
2187 1150 2369 1224 quos
2421 1128 2763 1201 habuerat

780 1244 1049 1332 secum,
1108 1244 1355 1319 itinere
1403 1244 1574 1319 inde
1630 1243 1834 1319 fimili
1888 1244 2098 1345 fugae
2156 1243 2234 1317 in
2293 1247 2763 1320 Dentheletos

777 1362 1199 1443 transcurrit.
1268 1362 1461 1439 Socii
1494 1384 1726 1440 erant:
1761 1363 1880 1441 sed
1912 1386 2196 1463 propter
2221 1364 2540 1464 inopiam
2561 1367 2758 1439 haud

780 1484 977 1561 secus
1038 1508 1258 1583 quam
1316 1484 1634 1561 hostium
1701 1488 1875 1561 fines
1933 1487 2372 1561 Macedones
2433 1486 2761 1585 populati

778 1604 963 1681 sunt.
1063 1602 1447 1703 Rapiendo
1481 1606 1676 1681 enim
1703 1609 1947 1704 paflim
1979 1605 2177 1681 villas
2209 1604 2555 1704 primum,
2587 1604 2758 1679 dein

780 1724 1131 1825 quosdam
1160 1724 1359 1801 vicos
1392 1724 1607 1801 etiam
1646 1726 2064 1811 evastarunt,
2117 1752 2262 1801 non
2309 1728 2448 1799 fine
2495 1750 2758 1825 magno

780 1847 1056 1945 pudore
1084 1845 1296 1945 regis,
1338 1871 1574 1945 quum
1599 1844 1954 1921 sociorum
1979 1872 2214 1934 voees,
2265 1843 2758 1944 nequidquam

782 1968 979 2043 Deos
997 1963 1279 2041 sociales
1306 1991 1717 2064 nomenque
1739 1964 1947 2041 suum
1975 1964 2427 2065 inplorantes,
2455 1964 2752 2039 audiret.

782 2088 1175 2163 Frumento
1226 2084 1399 2161 inde
1441 2085 1740 2175 sublato,
1791 2086 1868 2161 in
1915 2084 2331 2161 Maedicam
2391 2086 2750 2185 regrefl‘us

778 2210 1061 2297 urbem,
1110 2234 1331 2307 quam
1390 2210 1672 2283 Petram
1729 2206 2114 2303 adpellant,
2177 2210 2596 2306 obpugnare
2660 2205 2754 2279 est

780 2330 1091 2405 adortus.
1199 2326 1353 2426 Ipse
1418 2353 1461 2401 a
1520 2325 1896 2423 campestri
1961 2326 2160 2401 aditu
2221 2325 2441 2401 castra
2499 2324 2752 2427 posuit.

779 2448 1110 2527 Perseum
1162 2446 1396 2523 filium
1448 2471 1621 2521 cum
1675 2445 1962 2521 modica
2004 2472 2222 2521 manu
2261 2446 2754 2535 circummisit,

782 2588 864 2643 ut
892 2593 935 2641 a
976 2564 1449 2666 superioribus
1487 2565 1666 2641 locis
1695 2568 1944 2640 urbem
1979 2567 2506 2667 adgrederetur.
2605 2569 2754 2663 Op-

782 2685 1058 2787 pidani,
1108 2709 1341 2784 quum
1391 2704 1611 2761 terror
1657 2685 1982 2786 undique
2035 2684 2342 2772 instaret,
2393 2684 2754 2760 obfidibus

780 2803 990 2895 datis,
1024 2803 1101 2879 in
1128 2803 1513 2903 praesentia
1535 2805 1968 2882 dediderunt
1996 2804 2154 2881 sese.
2253 2804 2516 2893 Iidem,
2567 2804 2756 2905 post·

782 2951 1005 3026 quam
1062 2924 1415 3001 exercitus
1469 2928 1758 3014 receffit,
1825 2924 2032 3001 obliti
2091 2927 2445 3015 obfidum,
2517 2925 2758 3015 relicta

781 3049 987 3137 urbe,
1038 3045 1115 3121 in
1146 3046 1305 3121 loca
1328 3044 1612 3121 munita
1641 3046 1714 3118 δι
1745 3066 2021 3121 montes
2046 3045 2484 3145 refugerunt.
2587 3043 2755 3121 Phi-

782 3167 1046 3267 lippus,
1076 3165 1277 3241 omni
1300 3191 1558 3267 genere
1589 3164 1848 3243 laboris
1865 3169 2004 3241 fine
2035 3168 2191 3243 ullo
2221 3168 2478 3241 effectu
2507 3162 2754 3264 fatiga·

781 3286 873 3362 tis
926 3284 1306 3376 militibus,
1360 3291 1429 3361 &
1502 3284 1752 3361 fraude
1817 3285 2154 3387 praetoris
2223 3286 2470 3363 Didae
2527 3284 2755 3359 auctis

782 3405 861 3481 in
892 3404 1129 3482 filium
1160 3404 1704 3506 suspicionibus,
1759 3406 1834 3481 in
1859 3406 2374 3495 Macedoniam
2399 3403 2636 3479 rediit.

880 3528 1165 3603 XXIII.
1234 3524 1497 3615 Miffus
1520 3526 1644 3603 hio
1677 3553 1940 3617 comes,
1979 3532 2093 3625 (ut
2123 3548 2286 3601 ante
2313 3524 2594 3601 dictum
2621 3524 2752 3619 est)

780 3670 1015 3747 quum
1073 3644 1588 3744 simplicitatem
1620 3645 1906 3743 juvenis
1947 3645 2242 3737 incauti,
2292 3644 2366 3719 &
2395 3644 2534 3719 suis
2559 3645 2755 3719 haud

780 3764 1116 3842 inmerito
1152 3764 1644 3854 succensentis,
1695 3764 2125 3844 adsentando
2157 3766 2751 3867 indignandoque

780 3890 851 3966 δε
878 3884 1025 3986 ipse
1042 3886 1277 3963 vicem
1298 3885 1473 3983 ejus,
1488 3906 1822 3985 captaret,
1840 3887 1914 3961 in
1929 3886 2170 3963 omnia
2195 3890 2384 3963 ultro
2412 3886 2610 3963 suam
2624 3887 2752 3960 ob-

784 4006 1011 4085 ferens
1043 4032 1357 4107 operam,
1386 4006 1531 4083 fide
1565 4008 1754 4095 data,
1785 4032 2034 4082 arcana
2062 4008 2210 4105 ejus
2239 4006 2510 4083 elicuit.
2610 4007 2671 4080 F
2673 4030 2752 4079 u.

782 4155 951 4232 gam
998 4128 1093 4204 ad
1142 4129 1513 4203 Romanos
1559 4126 1970 4205 Demetrius
2009 4126 2512 4214 meditabatur.
2610 4124 2752 4204 Cui
