3100 5359
944 720 1674 797 LrnnnXL.
2161 724 2296 823 361

336 907 389 941 ⁸⁸
424 922 593 972 men
646 893 1027 995 inplorent)
1107 895 1287 970 mihi
1342 918 1664 995 quoque,
1726 893 1990 975 ferrum
2041 894 2118 975 in
2179 920 2296 971 me

338 1026 391 1060 ⁸⁸
428 1015 747 1093 strictum
775 1014 1113 1105 cernenti,
1158 1042 1407 1092 vocem
1444 1014 1720 1091 mittere
1747 1014 1997 1103 liceat3
2047 1042 2174 1115 per·
2197 1036 2298 1105 te,

334 1146 387 1181 ⁸⁸
422 1133 878 1235 patriumque
912 1160 1202 1224 nomen,
1253 1136 1453 1234 quod
1480 1134 1620 1210 utri
1647 1134 1962 1217 nostnum
1996 1135 2298 1213 sanetius

334 1266 389 1298 ⁸⁸
426 1257 531 1343 fit,
568 1254 719 1350 jam
764 1252 1043 1352 pridem
1093 1253 1326 1344 sentiS,
1382 1254 1479 1329 ita
1530 1280 1646 1329 me
1697 1254 1968 1345 auditui,
2019 1280 2293 1355 precor,

335 1384 387 1419 ‘⁸
424 1394 795 1472 tamquam
838 1377 911 1462 fi,
976 1399 1154 1449 voce
1211 1380 1280 1450 &
1340 1374 1894 1473 comploratione
1953 1380 2300 1455 noemma

336 1504 387 1568 ‚⁸⁸
424 1492 728 1583 excitus,
806 1491 989 1567 mihi
1040 1492 1407 1594 quiritanti
1457 1493 1954 1583 interveniss'es,
2033 1498 2298 1585 Demo-

334 1626 389 1660 ⁸⁸
426 1613 645 1689 trium
670 1637 843 1689 cum
867 1612 1145 1688 armatis
1170 1616 1375 1690 nocte
1396 1613 1810 1713 intempesta
1839 1613 1916 1691 in
1946 1615 2296 1693 vestibulo

334 1746 389 1781 ⁸⁸
426 1762 591 1811 tneo
610 1733 1199 1833 deprehendisses.
1255 1735 1479 1835 Qod
1501 1755 1658 1809 turn
1678 1732 2088 1815 vociferarer
2111 1736 2188 1811 in
2221 1762 2296 1813 re

336 1866 388 1901 ⁸⁸
424 1854 765 1955 praesenti
800 1852 1127 1953 pavidus,
1180 1856 1317 1929 hoc
1346 1880 1539 1929 nunc
1564 1854 1840 1952 postero
1867 1853 1984 1929 die
2011 1880 2292 1954 queror.

333 1985 385 2020 ⁸⁸
426 1978 691 2064 Frater,
768 2000 919 2049 non
973 1972 1493 2050 comissantium
1544 1972 1619 2048 in
1671 1973 1906 2050 vicem
1953 1974 2105 2071 jam
2159 1974 2292 2051 diu

332 2106 387 2142 ⁸⁸
424 2095 736 2171 vivimus
787 2093 969 2170 inter
1011 2120 1166 2172 nos.
1266 2094 1596 2193 Regnare
1630 2094 1884 2193 utique
1915 2093 2065 2170 vis=
2117 2096 2292 2171 huic

330 2226 383 2261 ‘⁸
423 2213 565 2315 spei
620 2235 781 2291 tuae
827 2214 1053 2289 obstat
1100 2236 1283 2289 aetas
1320 2242 1503 2302 mea,
1555 2214 1782 2290 obstat
1802 2214 2130 2315 gentium
2144 2216 2292 2312 jus,

332 2346 383 2381 ⁸⁸
416 2336 645 2413 obstat
704 2336 1018 2411 vetustus
1076 2333 1551 2435 Macedoniae
1611 2360 1791 2423 tnoS,
1841 2334 2068 2411 obstat
2125 2360 2294 2411 vero

332 2469 383 2503 ⁸⁸
423 2456 639 2533 etiam
664 2454 1274 2555 patrisjudicium.
1373 2456 1582 2529 Haec
1610 2452 2115 2544 transcendere,
2165 2455 2292 2532 nifi

330 2589 384 2623 ⁸⁸
419 2602 545 2675 per
578 2600 823 2653 meum
852 2572 1293 2675 sanguinem,
1345 2599 1489 2649 non
1516 2595 1740 2673 potes.
1839 2574 2110 2651 Omnia
2139 2600 2294 2651 rno-

329 2708 382 2746 ⁸⁸
420 2696 567 2772 liris
602 2700 669 2771 δι
688 2712 935 2771 tentas·
980 2694 1249 2769 Adhuc
1269 2693 1384 2769 seu
1410 2720 1582 2769 cura
1613 2720 1796 2783 mea,
1832 2694 1949 2770 seu
1986 2693 2291 2786 fortuna,

329 2827 383 2862 ⁸⁸
422 2814 665 2893 restitit
682 2811 1062 2915 parricidio
1079 2834 1229 2889 tuo.
1257 2812 1610 2890 Hesterna
1628 2814 1744 2889 die
1765 2814 1840 2888 in
1868 2814 2296 2905 lustratione,

329 2948 384 2982 ⁸⁸
418 2940 485 3013 ἃ
502 2933 826 3025 decursu,
854 2939 923 3009 &
944 2935 1305 3011 fimulacro
1324 2932 1604 3009 ludicro
1621 2932 2300 3033 pugnae‚fimestum

330 3067 385 3103 ⁸⁸
422 3082 641 3155 prope
688 3054 1041 3154 proelium
1084 3054 1349 3131 fecisti:
1402 3080 1535 3129 nec
1588 3080 1704 3129 me
1749 3052 1950 3128 aliud
1985 3080 2028 3129 a
2069 3076 2296 3131 rnorte

330 3187 386 3223 ⁸⁸
420 3173 838 3263 vindicavit,
888 3200 1107 3273 quam
1134 3176 1333 3273 quod
1362 3200 1477 3249 me
1508 3200 1592 3253 ac
1619 3199 1814 3249 meos
1840 3171 2032 3250 vinci
2067 3174 2296 3273 passus

330 3308 383 3343 ‘⁸
418 3296 597 3371 sum.
696 3296 821 3371 Ab
878 3292 1113 3369 hostili
1178 3292 1481 3392 proeli0,
1563 3314 1930 3393 tamquam
1994 3292 2294 3369 fraterno

328 3428 383 3462 ⁸⁸
416 3415 603 3505 lusu,
655 3414 1045 3513 pertrahere
1096 3438 1213 3487 me
1260 3413 1351 3487 ad
1388 3438 1684 3489 coenam
1714 3412 2024 3489 voluisti.
2122 3417 2292 3491 Cre-

330 3546 385 3584 ⁸⁸
422 3536 561 3625 dis,
612 3560 759 3622 me,
806 3553 1027 3631 pater,
1086 3532 1261 3608 inter
1313 3531 1616 3609 inermes
1669 3535 2002 3609 convivas
2043 3561 2296 3611 coena-

330 3666 385 3703 ⁸⁸
424 3678 669 3731 turum
720 3651 947 3741 fuiffe,
1020 3654 1115 3727 ad
1158 3678 1377 3750 quern
1420 3652 1666 3729 armati
1697 3652 2143 3731 comiffamm
2175 3683 2296 3732 ve·

332 3785 387 3821 ⁸⁸
422 3776 731 3851 nerunt?
782 3771 1011 3850 credis
1054 3771 1235 3847 nihil
1279 3798 1322 3846 a
1364 3772 1618 3871 gladiis
1661 3776 1866 3849 noc'te
1891 3774 2294 3872 periculum

332 3907 387 3941 ⁸⁸
422 3893 654 3982 fuiffe,
706 3918 927 3993 quem
954 3890 1273 3979 sudibus,
1326 3912 1393 3967 te
1424 3891 1877 3991 inspectante,
1928 3920 2146 3995 prope
2171 3924 2294 3973 oc-

333 4024 386 4060 ⁸⁸
422 4014 805 4091 ciderunt?
904 4010 1109 4115 Qid
1148 4014 1291 4087 hoc
1322 4010 1576 4099 noctiS,
1627 4012 1808 4110 quid
1835 4012 2170 4091 inimicus
2202 4019 2298 4093 ad

330 4144 385 4181 ⁸⁸
418 4134 707 4224 iratum,
777 4132 963 4233 quid
1008 4156 1179 4209 cum
1225 4130 1409 4207 ferro
1484 4129 1866 4209 subcinctis
1910 4134 2296 4230 juvenibus
