3100 5359
857 715 934 792 L
984 740 1012 792 1
1073 743 1114 794 n
1171 743 1216 792 a
1273 742 1320 793 a
1421 717 1789 795 xxx1X.
2177 683 2318 823 33⁴7
2370 687 2379 696 ”

347 907 601 986 ceptus
631 885 788 988 post
819 885 1066 988 fugam
1104 885 1454 964 Antiochi
1486 889 1889 977 Hannibal,
1940 891 2009 965 &
2045 891 2317 966 bellum

349 1007 677 1084 adversus
731 1011 1135 1085 Eumenem
1199 1029 1482 1084 motum
1533 1002 1857 1085 faciebat.
1974 1007 2116 1099 Ibi,
2197 1008 2315 1084 seu

349 1128 520 1227 quia
563 1130 603 1203 a
665 1121 1072 1204 Flaminino
1125 1129 1307 1205 inter
1346 1150 1575 1206 cetera
1624 1131 1987 1226 objeEkum
2032 1129 2317 1204 Prufiae

345 1267 516 1338 erat,
569 1248 939 1324 hominem
991 1249 1350 1339 omnium,
1400 1249 1531 1348 qui
1576 1248 1920 1338 viverent,
1977 1247 2317 1323 infestifli·
2368 1343 2373 1346 Ι

343 1393 552 1443 mum
585 1371 857 1468 populo
887 1369 1226 1444 Romano
1251 1371 1445 1468 apud
1480 1393 1648 1444 eum
1677 1371 1836 1456 effe,
1897 1366 2024 1467 qui
2047 1367 2312 1466 patriae

343 1485 506 1564 suae
533 1488 876 1588 primum,
939 1486 1230 1578 deinde,
1279 1487 1512 1564 fractis
1542 1490 1691 1585 ejus
1718 1487 2006 1588 opibuS,
2057 1489 2316 1564 Antio-

343 1610 486 1684 cho
515 1607 662 1708 regi
689 1611 936 1684 auctor
954 1609 1123 1684 belli
1151 1607 1473 1683 adversus
1503 1610 1855 1708 populum
1890 1597 2314 1684 Romanum

341 1723 616 1802 fuiffete
669 1728 786 1804 seu
854 1729 1026 1829 quia
1089 1728 1231 1828 ipse
1297 1731 1591 1816 Prusias,
1667 1750 1753 1802 ut
1809 1725 2315 1828 gratificaretur

339 1846 680 1946 praesenti
716 1848 1124 1924 Flaminino
1157 1847 1676 1948 Romanisque,
1736 1872 1863 1946 per
1891 1846 1960 1922 se
2005 1849 2311 1924 necandi

339 1987 466 2042 aut
509 1969 832 2044 tradendi
882 1969 1030 2066 ejus
1082 1968 1160 2044 in
1210 1966 1626 2068 potestatem
1662 1967 2030 2044 confilium
2071 1968 2308 2068 cepit3

338 2113 384 2163 a
432 2081 668 2188 primo
693 2089 1058 2188 colloquio
1097 2087 1483 2169 Flaminini
1527 2087 1787 2164 milites
1820 2091 2183 2187 extemplo
2216 2091 2309 2166 ad

337 2206 644 2284 domum
728 2207 1160 2284 Hannibalis
1235 2205 1779 2284 custodiendam
1866 2208 2047 2284 mifli
2113 2208 2298 2284 sunt.

339 2330 630 2429 Semper
679 2331 890 2404 talem
937 2327 1236 2402 exitum·
1288 2327 1472 2404 vitae
1527 2327 1689 2403 suae
1736 2327 2110 2403 Hannibal
2136 2328 2327 2428 pro-¹

337 2437 650 2546 spexerat
681 2447 951 2537 anim0,
974 2453 1042 2523 ὅτ
1066 2450 1565 2523 Romanorum
1590 2446 2023 2545 inexpiabile
2051 2439 2309 2525 odium

338 2567 418 2642 in
469 2567 540 2644 fe
591 2593 906 2658 cernens,
957 2572 1030 2643 ὅτ
1069 2568 1238 2642 fidei
1284 2593 1538 2668 regum
1574 2567 1755 2642 nihil
1786 2567 1945 2644 sane
1977 2552 2306 2647 confisus.

336 2684 618 2762 Prusiae
641 2711 838 2766 ‚vero
881 2687 1237 2762 levitatem
1270 2687 1485 2762 etiam
1519 2707 1848 2787 expertus
1880 2709 2046 2764 erat.
2148 2689 2307 2766 Fla·

333 2804 596 2882 minini
647 2829 943 2906 quoque
999 2801 1391 2881 adrentum
1430 2807 1629 2881 velut
1664 2799 1943 2882 fatalem
1977 2808 2103 2884 fibi
2139 2811 2305 2885 hor-

332 2949 587 3002 ruerat.
685 2929 813 3002 Ad
843 2925 1086 3001 omnia
1113 2923 1438 3023 undique
1482 2921 1757 3014 infesta,
1808 2948 1892 3001 ut
1958 2927 2089 3002 iter
2124 2927 2309 3005 sem-

328 3073 458 3148 per
503 3046 802 3146 aliquod
851 3065 1338 3146 praeparatum
1390 3044 1615 3145 fugae-
1654 3039 1968 3136 haberet,
2032 3045 2302 3146 septem

332 3166 568 3243 exitus
617 3193 658 3242 e
709 3167 934 3241 domo
979 3165 1236 3240 fecerat
1259 3197 1283 3254 3
1335 3165 1412 3238 &
1445 3191 1536 3241 ex
1567 3165 1651 3241 iis
1686 3163 2031 3266 quosdam
2057 3169 2302 3243 occul-

331 3308 468 3375 tos,
515 3311 602 3362 ne
637 3284 960 3362 custodia
988 3283 1404 3384 sepirentur.
1503 3289 1643 3362 Sed
1677 3285 2301 3388 grave-imperium

328 3431 582 3506 regum
643 3404 823 3480 nihil
882 3404 1429 3504 inexploratum,
1482 3408 1684 3505 quod
1730 3405 2127 3508 investigari
2170 3434 2300 3485 vo·

327 3529 520 3616 lunt,
572 3525 813 3600 efficit.
908 3525 1172 3600 Totius
1217 3525 1605 3602 circuitum
1638 3528 1899 3603 domus
1934 3527 2031 3602 ita
2064 3529 2297 3605 custo-

329 3645 472 3722 diis
519 3643 876 3743 complexi
935 3643 1121 3735 sunt,
1174 3667 1258 3740 ut
1309 3671 1524 3720 nemo
1578 3645 1746 3720 inde
1804 3645 1985 3722 elabi
2050 3641 2297 3747 poffet.
2455 3745 2467 3754 ἠ

327 3763 726 3853 Hannibal,
759 3764 1134 3864 postquam
1167 3766 1270 3840 est
1299 3765 1747 3854 nunciatum,
1782 3766 2042 3842 milites
2066 3769 2297 3871 regios

325 3887 406 3963 in
456 3883 806 3960 vestibulo
837 3883 1000 3972 effe,
1051 3883 1349 3984 postic0,
1417 3888 1618 3986 quod
1653 3887 1948 3962 devium
1982 3888 2295 3966 maxime

324 4026 540 4105 atque
597 4002 1042 4080 occultiffimi
1093 4004 1327 4080 exitus
1359 4027 1530 4094 erat,
1584 4006 1827 4105 fugere
1854 4029 2177 4097 conatus,
2210 4031 2297 4084 ut

325 4125 410 4201 id
458 4149 753 4226 quoque
804 4123 1108 4202 obcursu
1165 4123 1479 4201 militum
1524 4125 1901 4226 obseptum
1936 4125 2157 4218 sensit,
2216 4129 2299 4203 δε

1203 4267 1270 4346 Ζ
