3100 5359
696 703 905 775 ··216
1421 704 1517 777 T.
1618 703 2080 777 L1v11

762 876 1326 951 Lacedaemonii
1391 878 1778 954 diruerant.
1914 881 2013 954 Et
2088 905 2253 980 ager
2310 877 2739 968 Belbinates„

764 1023 986 1097 quem
1039 996 1296 1094 injuria
1335 998 1613 1098 tyranni
1650 999 2393 1075 Lacedaemoniorum
2418 997 2740 1098 poffede-

765 1141 946 1207 rant,
1015 1117 1371 1194 restitutus
1414 1119 1653 1194 eidem
1705 1119 2003 1209 civitati,
2064 1147 2155 1196 ex
2188 1122 2474 1196 decreto
2506 1142 2739 1196 vetere

763 1241 1246 1326 Achaeorum,
1275 1242 1478 1338 quod
1506 1239 1776 1315 factum
1810 1264 1981 1330 erat,
2016 1241 2353 1340 Philippo
2374 1241 2737 1340 Amyntae

765 1361 918 1435 filio
966 1382 1325 1461 regnante.
1428 1365 1564 1436 Per
1614 1363 1787 1438 haec
1845 1365 2044 1438 velut
2102 1383 2426 1438 enervata
2492 1361 2739 1438 civitas

766 1481 1511 1557 Lacedaemoniorum
1596 1482 1725 1556 diu
1804 1482 2113 1559 Achaeis
2175 1483 2496 1558 obnoxia
2578 1483 2737 1559 fuit.

765 1603 991 1678 Nulla
1015 1623 1250 1677 tamen
1271 1627 1378 1676 res
1398 1624 1595 1677 tanto
1620 1624 1764 1677 erat
1786 1604 2076 1691 damn0,
2113 1629 2335 1702 quam
2366 1601 2745 1702 disciplina
2868 1627 2871 1630 ’

765 1724 1117 1823 Lycurgi,
1167 1723 1286 1798 cui
1329 1751 1453 1822 per
1487 1723 1965 1822 septingentos
1997 1751 2218 1798 annos
2252 1723 2735 1812 adsueverant,

764 1842 1054 1920 sublata.

862 1967 1183 2041 XXXV.
1284 1969 1355 2039 A
1393 1963 1728 2053 concilio,
1764 1963 1895 2038 ubi
1928 1966 2123 2062 apud
2158 1963 2523 2040 consulem
2560 1964 2739 2040 inter

764 2087 1093 2159 Achaeos
1145 2083 1900 2182 Lacedaemoniosque
1935 2084 2401 2183 disceptatum
2434 2087 2567 2175 est,
2620 2087 2734 2160 Μ.

763 2204 1090 2294 Fulvius»,
1119 2205 1452 2305 quiajam
1483 2205 1561 2279 in
1588 2204 1784 2280 exitu
1816 2231 2043 2279 annus
2070 2227 2239 2293 erat,
2273 2205 2739 2281 comitiorum

763 2327 990 2400 cauffa
1020 2325 1372 2424 profectus
1401 2329 1746 2412 Romam,
1798 2326 2059 2401 creavit
2094 2325 2413 2401 consules
2442 2330 2563 2402 M.
2602 2331 2736 2402 Va-

760 2446 1016 2521 lerium
1095 2446 1492 2520 Mess'allam
1564 2449 1640 2517 δε
1706 2447 1793 2521 C.
1856 2446 2159 2522 Livium
2242 2447 2734 2540 Salinatorem,

762 2592 996 2665 quum
1030 2568 1145 2640 M.
1179 2564 1581 2640 Aemilium
1604 2567 1975 2664 Lepidum
2003 2568 2411 2657 inimicum,
2442 2595 2529 2644 eo
2560 2597 2736 2669 quo-

763 2713 907 2785 que
953 2713 1141 2760 anno
1199 2707 1587 2781 petentem,
1659 2687 2030 2784 dejecisset.
2154 2692 2511 2764 Praetores
2568 2691 2735 2765 inde

762 2804 972 2882 creati
1024 2812 1142 2909 Q
1174 2804 1494 2881 Marcius
1547 2806 1950 2906 Philippus,
1986 2811 2104 2882 M.
2140 2809 2489 2886 Claudius
2534 2813 2735 2884 Mar-

763 2930 1013 3019 celluS,
1075 2931 1160 3004 C.
1223 2928 1625 3018 Stertinius,
1694 2931 1781 3004 C.
1848 2929 2169 3018 AtiniuS,
2236 2933 2319 3004 P.
2386 2931 2737 3006 Claudius

764 3051 1099 3139 Pulcher,
1161 3051 1254 3123 L.
1304 3049 1632 3123 Manlius
1686 3037 2093 3125 AcidinuS.
2188 3049 2521 3125 Comitiis
2584 3079 2735 3152 per-

763 3169 993 3261 fectis,
1053 3169 1427 3245 ‘consulem
1488 3172 1607 3243 M.
1645 3169 1989 3244 Fulvium
2044 3169 2117 3244 in
2164 3169 2612 3268 provinciam
2646 3173 2737 3246 ad

763 3290 1162 3366 exercitum
1229 3290 1454 3364 redire
1507 3288 1824 3388 placuit3
1879 3290 2091 3389 eique
2132 3291 2207 3362 δε
2248 3293 2561 3390 collegae
2598 3295 2732 3368 Cn.

761 3410 1050 3487 Manlio
1083 3410 1466 3508 imperium
1495 3409 1571 3484 in
1598 3436 1871 3485 annum
1904 3432 2361 3510 prorogatum
2394 3411 2519 3486 est.
2624 3417 2737 3488 Eo

761 3557 950 3606 anno
983 3531 1058 3605 in
1091 3533 1339 3606 aedem
1375 3530 1718 3605 Herculis
1748 3534 2023 3629 fignum
2063 3531 2199 3606 Dei
2234 3530 2444 3630 ipsius
2476 3559 2569 3607 ex
2610 3535 2732 3610 de-

763 3652 1238 3728 cemvirorum
1266 3649 1615 3750 responso,
1644 3656 1711 3726 &
1740 3652 2007 3750 sejuges
2042 3651 2117 3725 in
2143 3652 2503 3750 Capitolio
2534 3681 2733 3730 aura-

761 3773 818 3848 ti
849 3800 892 3847 a
922 3777 1004 3846 P.
1032 3771 1366 3847 Cornelio
1399 3771 1630 3871 pofiti.
1733 3771 2117 3848 Consulem
2148 3773 2413 3848 dediffe
2438 3771 2731 3874 inscrip-

760 3916 920 3969 tum
954 3893 1075 3966 est.
1180 3895 1277 3966 Et
1310 3891 1701 3968 duodecim
1736 3893 1962 3992 clipea
1994 3917 2229 3968 aurata
2260 3897 2352 3971 ab
2378 3894 2731 3974 aedilibus

761 4013 1158 4102 curulibuS‚
1221 4017 1302 4088 P.
1351 4013 1659 4090 Claudio
1711 4015 2022 4088 Pulchro
2081 4015 2157 4087 &
2210 4017 2354 4090 Ser.
2407 4018 2731 4117 Sulpicio

758 4137 1015 4226 Galba,
1048 4132 1208 4210 sunt
1230 4137 1446 4235 polita
1463 4160 1557 4210 ex
1582 4133 1913 4234 pecunia,
1950 4162 2093 4236 qua
2120 4136 2615 4216 frumentarios
2634 4143 2742 4216 ob-
