3100 5359
763 745 904 816 242
1399 723 2007 800 T.L1v11

767 905 818 940 “
854 893 1058 970 vobis
1109 893 1332 970 videri
1381 897 1605 972 velint
1648 897 1921 972 hostem
1970 895 2195 984 fuisse,
2244 921 2387 970 non
2422 895 2739 971 invenio.

767 1023 822 1058 “
855 1013 932 1088 Si
985 1017 1409 1115 degenerem
1459 1017 1536 1090 ὅτ
1586 1016 1989 1092 emollitum
2032 1015 2455 1100 amoenitate
2504 1020 2737 1104 Asiae,

769 1145 820 1178 ‘⁸
853 1135 1034 1233 quid
1067 1135 1358 1234 periculi
1393 1138 1506 1210 vel
1533 1134 1789 1234 iniquo
1822 1138 1983 1212 loco
2012 1135 2479 1212 subeuntibus
2534 1135 2677 1210 fuit
2708 1139 2736 1208 ?

770 1266 822 1298 “
857 1257 904 1328 fi
951 1254 1356 1330 timendum
1407 1257 1482 1328 δι
1537 1254 1807 1332 feritate
1864 1255 2297 1346 animorum,
2362 1262 2431 1332 ἃ
2484 1259 2743 1332 robore

770 1387 823 1422 “
859 1401 1264 1474 corporum,
1326 1377 1591 1452 huicne
1648 1399 1877 1452 tantae
1922 1376 2255 1452 vi&oriae
2288 1375 2743 1475 triumphum
2836 1403 2843 1408 ·

771 1507 822 1541 “
861 1495 1188 1596 negatis?
1239 1498 1469 1572 Caeca
1527 1495 1799 1572 invidia
1846 1498 1972 1585 est,
2041 1501 2280 1572 Patres
2332 1494 2745 1594 conscripti,

771 1625 821 1660 “
860 1642 990 1692 nec
1047 1615 1450 1715 quidquam
1495 1616 1695 1692 aliud
1732 1616 1885 1704 scit,
1936 1641 2157 1715 quam
2186 1619 2567 1692 detrectare
2602 1617 2743 1690 vir-

771 1747 823 1782 “
859 1756 1071 1825 tutes,
1131 1763 1597 1834 conrumpere
1640 1738 1943 1810 honores
1982 1763 2067 1812 ac
2110 1737 2423 1834 praemia
2470 1761 2743 1812 earum.

771 1869 824 1904 “
861 1857 1088 1947 Mihi,
1117 1857 1398 1956 quaeso,
1435 1857 1532 1932 ita
1554 1856 1950 1956 ignoscatis„
1986 1861 2223 1934 Patres
2256 1858 2663 1956 conscripti,
2700 1863 2746 1932 fi

771 1989 824 2024 “
859 1979 1255 2079 longiorem
1283 1977 1675 2089 orationem
1708 2003 1857 2052 non
1890 1977 2245 2078 cupiditas
2274 1978 2625 2078 gloriandi
2654 1981 2747 2053 de

775 2110 828 2144 “
865 2125 1008 2188 me,
1043 2099 1164 2174 sed
1197 2096 1568 2174 nec'effaria
1598 2096 1984 2173 criminum
2018 2097 2327 2174 defensio
2351 2098 2542 2176 fecit.
2622 2104 2746 2174 An

777 2231 828 2264 “
865 2218 1080 2295 etiam
1146 2246 1271 2321 per
1335 2217 1721 2296 Thraciam
1790 2219 1997 2296 saltus
2062 2242 2405 2320 patentes,
2456 2221 2589 2322 qui
2623 2249 2747 2297 an-

774 2353 825 2386 “
859 2341 1046 2442 gusti
1065 2363 1289 2430 etant,
1325 2346 1394 2418 ὃς
1427 2342 1637 2440 plana
1666 2365 1759 2414 ex
1790 2338 2057 2429 arduiS,
2085 2346 2154 2416 ἃ
2182 2344 2372 2416 culta
2395 2368 2489 2417 ex
2520 2341 2745 2417 filves-

776 2472 826 2506 “
863 2460 1088 2539 tribus
1107 2461 1330 2538 facere
1363 2460 1596 2560 potui,
1624 2465 1695 2536 &
1722 2461 2085 2560 praestare,
2114 2462 2373 2538 necubi
2402 2461 2589 2538 notis
2622 2459 2747 2538 fibi

777 2591 828 2626 “
866 2581 1146 2656 latebris
1198 2580 1685 2656 delitescerent
1729 2583 2029 2658 latrones
2064 2583 2401 2672 Thraces,
2432 2609 2523 2659 ne
2562 2583 2751 2683 quid

777 2713 828 2746 “
865 2699 1286 2776 sarcinarum
1307 2721 1684 2799 raperetur,
1710 2727 1799 2779 ne
1820 2703 2020 2800 quod
2032 2702 2449 2798 jumentum
2473 2729 2565 2780 ex
2594 2723 2748 2778 tan·

777 2833 832 2868 “
865 2843 941 2896 to
983 2819 1268 2920 agmine
1319 2819 1853 2912 abstraheretur,
1910 2847 1997 2896 ne
2042 2822 2207 2920 quis
2243 2824 2746 2912 vulneraretur,

776 2953 830 2989 “
867 2968 956 3017 ne
978 2967 1068 3017 ex
1095 2941 1386 3015 vulnere
1410 2939 1520 3015 vir
1544 2938 1743 3016 fortis
1776 2967 1859 3018 ac
1886 2940 2203 3018 strenuus
2236 2946 2353 3044 Q
2370 2943 2749 3019 Minucius

777 3073 832 3108 “
867 3064 1307 3138 moreretur?
1359 3062 1444 3134 In
1473 3061 1611 3136 hoc
1646 3059 1836 3149 casu,
1873 3087 2021 3160 quo
2066 3059 2439 3138 infeliciter
2464 3062 2747 3151 incidit,

777 3193 828 3227 “
865 3203 948 3257 ut
999 3184 1208 3258 talem
1261 3179 1492 3256 civem
1545 3181 2055 3269 amitteremus,
2120 3183 2437 3258 haerent.-
2526 3185 2749 3285 Quod

777 3315 830 3350 “
863 3303 1036 3380 saltu
1083 3301 1362 3402 inique,
1421 3303 1585 3376 loco
1616 3301 1875 3390 aliene,
1928 3325 2163 3401 quum
2202 3301 2493 3378 adortus
2534 3305 2748 3380 hostis

779 3435 832 3468 “
871 3451 1000 3498 nos
1031 3423 1220 3509 effet,
1253 3423 1437 3496 duae
1472 3423 1679 3499 simul
1702 3421 1887 3498 acies
1912 3421 2229 3521 primi&
2257 3420 2606 3503 noviffirni
2630 3451 2748 3524 ag·

780 3554 832 3589 “
867 3542 1082 3618 minis
1127 3544 1530 3618 haerentem
1578 3543 1673 3618 ad
1716 3541 2463 3642 inpedimentanostra
2490 3543 2750 3620 exerci-

779 3676 832 3710 “
868 3685 1026 3738 tum
1059 3665 1517 3739 barbarorum
1551 3662 2224 3752 circumvenerunt,
2274 3665 2481 3763 quod
2526 3666 2752 3740 multa

781 3796 833 3831 ‘⁴
869 3783 1096 3860 millia
1146 3781 1298 3882 ipso
1354 3782 1498 3872 die,
1557 3784 1759 3882 plura
1802 3785 2035 3860 multo
2078 3783 2237 3885 post
2284 3783 2437 3860 dies
2488 3811 2754 3884 paucos

779 3914 834 3952 “
869 3904 1284 3982 ceciderunt
1339 3907 1410 3978 δι
1467 3925 1812 4002 ceperunt
1832 3938 1856 3992 3
1909 3907 2075 3994 hoc,
2120 3907 2167 3979 fi
2212 3903 2335 4004 ipfi
2380 3905 2755 3996 tacuerint,

780 4037 833 4074 ‘⁸
867 4052 996 4102 vos
1049 4024 1371 4114 scituros,
1429 4051 1665 4125 quum
1720 4024 1911 4100 testis
1954 4025 2287 4102 orationis
2326 4051 2525 4104 meae
2562 4045 2755 4102 totus

784 4159 838 4197 ‘⁸
871 4145 1222 4229 exercitus
1271 4149 1380 4236 fit,
1433 4171 1581 4225 non
1614 4146 1971 4224 credunt?
2020 4146 2095 4224 Si
2128 4146 2457 4246 gladium
2486 4146 2567 4224 in
2592 4149 2753 4224 Afin
