3100 5359
775 719 905 790 118
1431 714 2054 787 T.L1v11

770 886 919 960 stat.
1022 881 1175 959 Alii
1202 882 1555 981 principio
1590 883 1785 971 belli,
1843 908 1886 957 a
1919 880 2260 957 Chalcide
2295 883 2572 957 Oreum
2599 908 2720 981 pe-

720 1016 725 1021 ’
770 1024 1059 1093 tentem,
1115 1003 1681 1079 circumventum
1709 1006 1798 1078 ab
1827 999 2033 1101 regiis
2067 1000 2364 1077 navibus
2397 1003 2720 1077 tradunt:

767 1124 911 1212 alii,
945 1123 1321 1221 postquam
1358 1126 1713 1196 transitum
1749 1121 1822 1195 in
1853 1124 2088 1196 Afiam
2123 1120 2248 1209 est,
2297 1146 2470 1196 cum
2495 1140 2728 1196 tunna

770 1244 1175 1340 Fregellana
1240 1241 1522 1315 miffum
1589 1242 2029 1337 exploratum
2092 1242 2184 1315 ad
2231 1240 2424 1341 regia
2484 1240 2725 1329 castra,

769 1360 985 1435 effuso
1018 1360 1301 1436 obviam
1328 1360 1674 1459 equitatu,
1697 1386 1924 1458 quum
1961 1359 2300 1459 reciperet
2331 1358 2494 1448 sese,
2529 1359 2606 1434 in
2639 1387 2728 1434 eo

770 1479 1129 1577 delapsum
1166 1482 1483 1555 tumultu
1518 1506 1608 1553 ex
1642 1506 1858 1578 eque,
1920 1506 2090 1555 curn
2121 1482 2404 1556 duobus
2463 1480 2726 1579 equiti-

771 1605 907 1676 bus
942 1598 1368 1696 obpreffum,
1424 1600 1521 1673 ita
1551 1600 1644 1681 ad
1677 1625 1914 1698 regem
1949 1600 2342 1675 dedufflmrn
2377 1602 2534 1676 effe.
2631 1602 2726 1675 Il·-

774 1720 904 1793 lud
938 1717 1094 1793 satis
1124 1718 1413 1807 constat,
1476 1723 1521 1792 fi
1548 1745 1686 1817 pax
1713 1744 1882 1793 cum
1913 1722 2184 1820 populo
2217 1722 2552 1795 Romano
2581 1746 2730 1794 ma-

772 1860 993 1926 neret,
1046 1838 1575 1937 hospitiumque
1627 1837 1952 1936 privatim
1985 1840 2132 1939 regi
2167 1866 2337 1914 cum
2382 1839 2728 1939 Scipioni-

772 1962 906 2033 bus
932 1961 1119 2046 effet,
1150 1984 1382 2057 neque
1416 1954 1795 2045 liberaliuS,
1829 1981 2058 2058 neque
2081 1958 2457 2059 benignius
2489 1960 2730 2035 haberi

776 2079 1060 2179 colique
1104 2076 1643 2164 adolescentem,
1691 2101 1910 2175 quam
1959 2080 2189 2153 cultus
2222 2080 2348 2168 est,
2405 2080 2730 2178 potuiffe.

774 2202 897 2273 Ob
918 2201 1089 2272 haec
1117 2223 1348 2296 quum
1382 2198 1770 2271 adventum
1799 2199 1879 2271 P.
1917 2195 2266 2295 Scipionis
2303 2201 2572 2299 legatus
2605 2228 2731 2275 ex-

776 2316 1153 2417 spefflmfl'et,
1202 2316 1329 2391 ubi
1378 2316 1434 2390 is
1483 2314 1702 2404 venit,
1760 2315 2118 2390 consulem
2148 2318 2324 2408 adit,
2383 2319 2732 2420 petitque,

774 2458 859 2513 ut
892 2440 1221 2513 mandata
1250 2434 1546 2510 audiret.

870 2556 1186 2630 XXXV.
1287 2555 1663 2629 Advocato
1729 2553 2080 2653 frequenti
2137 2559 2449 2648 confili0,
2517 2560 2732 2658 legati

776 2678 988 2750 verba
1006 2674 1167 2747 sunt
1192 2672 1453 2746 audita.
1552 2674 1647 2760 Is,
1696 2683 1746 2716 “
1784 2675 2026 2749 multis
2059 2696 2217 2750 ante
2263 2678 2736 2776 legationibus

782 2805 833 2838 “
870 2791 1363 2891 nequidquam
1398 2793 1586 2865 ultro
1615 2792 1938 2891 citroque
1973 2795 2064 2867 de
2108 2822 2279 2893 pace
2309 2796 2545 2885 miffis,
2579 2825 2737 2873 earn

781 2923 832 2957 “
869 2911 1086 3010 ipsam
1148 2908 1487 2984 fiduciam
1546 2909 1966 3009 impetrandi
2031 2914 2154 2988 fibi
2239 2918 2444 3004 esse,’'
2521 2917 2735 3006 dixit,

784 3041 837 3076 “
873 3030 1073 3129 quod
1107 3030 1365 3129 priores
1414 3028 1626 3127 legati
1683 3030 1860 3104 nihil
1911 3030 2402 3131 impetraffent.
2501 3040 2736 3135 Smyr-

785 3162 835 3196 “
874 3177 1039 3225 nam
1100 3149 1319 3236 enim,
1386 3148 1461 3221 &
1526 3148 2031 3248 Lampsacum,
2101 3154 2169 3226 δι
2232 3155 2738 3231 Alexandriam

784 3280 837 3316 “
872 3271 1259 3358 Troadem,
1316 3268 1393 3340 &
1427 3269 1945 3366 Lysimachiam
1979 3270 2055 3345 in
2101 3274 2414 3371 Europa,
2451 3276 2740 3372 jactatas

786 3388 1109 3463 “inillis
1142 3386 1762 3487 disceptationibus
1787 3390 1942 3464 effe.
2041 3395 2366 3492 Qarum
2424 3396 2738 3492 Lyfima-

786 3521 837 3555 “
874 3508 1035 3584 chia
1075 3511 1227 3606 jam
1272 3507 1519 3582 ceffifl'e
1579 3533 1842 3607 regem,
1921 3534 2010 3583 ne
2082 3508 2264 3608 quid
2322 3511 2396 3586 in
2451 3516 2740 3613 Europa

788 3640 841 3674 “
876 3632 1131 3704 habere
1173 3654 1337 3702 eum
1402 3628 1756 3704 dicerent:
1809 3655 1946 3717 eas,
1983 3656 2165 3729 quae
2225 3630 2298 3706 in
2366 3634 2530 3707 Afia
2583 3636 2736 3723 fint,

790 3758 841 3793 “
874 3748 1189 3823 civitates
1222 3749 1515 3835 tradere,
1569 3768 1886 3846 paratum
1944 3752 2103 3839 effe,
2160 3751 2237 3823 &
2288 3756 2333 3825 fi
2369 3777 2542 3850 quas
2575 3752 2738 3827 alias

790 3877 841 3912 “
877 3866 1219 3955 Romani,
1272 3869 1471 3966 quod
1524 3866 1803 3941 suarum
1837 3868 2142 3967 partium
2175 3868 2460 3959 fuerint,
2505 3870 2739 3945 vindi-

791 3997 843 4032 “
879 4012 1033 4062 care
1061 3990 1151 4061 ab
1180 3986 1477 4084 imperio
1498 3986 1693 4085 regio
1711 3986 1954 4062 velint.
2053 3990 2387 4087 Inpensae
2416 4018 2734 4092 quoque,

785 4118 835 4155 ‘⁴
870 4107 947 4183 in
978 4108 1241 4184 bellum
1265 4107 1511 4199 factae,
1544 4128 1815 4205 partem
1867 4108 2244 4186 dimidiam
2277 4136 2513 4213 regern
2547 4140 2740 4212 prae·
