3100 5359
824 692 898 767 L
939 716 966 764 1
1017 716 1058 765 B
1105 715 1152 764 E
1197 715 1242 764 R
1345 689 1773 766 XXXVIII.
2155 715 2297 788 249

315 883 460 944 tem
493 891 652 943 rure
686 891 774 941 eo
807 864 958 964 ipso
983 869 1144 941 loco
1171 864 1440 964 sepeliri
1461 864 1527 940 se
1549 866 1803 962 juffifl'e
1840 865 2100 954 ferunt,
2129 891 2287 942 mo-

313 1008 892 1086 numentumque
925 986 1028 1062 ibi
1059 985 1442 1073 aedificari,
1493 1013 1582 1060 ne
1630 985 1848 1060 funus
1897 984 2021 1061 fibi
2058 984 2133 1059 in
2181 985 2288 1058 in-

315 1129 510 1208 grata
540 1106 760 1207 patria
805 1109 1026 1182 fieret.
1127 1107 1256 1180 Vir
1305 1104 1819 1180 memorabilis:
1874 1106 2155 1182 bellicis'
2192 1128 2290 1180 ta-

316 1253 510 1315 men,
543 1252 764 1325 quam
794 1225 1012 1324 paciS,
1038 1225 1306 1302 artibus
1330 1225 1857 1301 memorabilior
1889 1227 2119 1324 prima
2137 1253 2292 1325 pars

316 1345 532 1433 vitae,
569 1371 788 1444 quam
826 1345 1200 1443 postrema,
1253 1344 1432 1420 fuit:
1485 1345 1659 1443 quia
1688 1345 1760 1418 in
1785 1347 2081 1443 juventa
2113 1350 2297 1423 bella

319 1467 582 1541 affidue
618 1465 852 1565 gesta3
905 1491 1076 1539 cum
1115 1463 1386 1540 senecta
1417 1491 1522 1540 res
1554 1491 1848 1564 quoque
1876 1469 2292 1558 defloruere,

323 1611 458 1660 nec
492 1583 808 1683 praebita
831 1584 930 1658 est
951 1583 1238 1659 materia
1259 1584 1569 1684 ingenio·
1630 1585 1833 1687 Qid
1862 1587 1952 1660 ad
1980 1585 2295 1684 primum

323 1703 768 1780 consulatum
821 1703 1196 1792 secundus,
1237 1703 1498 1778 etiamfi
1556 1704 1919 1780 censuram
1959 1706 2293 1803 adjicias?

323 1824 510 1923 quid
537 1824 840 1898 Afiatica
865 1823 1148 1924 legatio,
1181 1829 1244 1897 &
1271 1823 1673 1898 valetudine
1700 1825 1977 1900 adversa
1999 1826 2294 1916 inutilis,

326 1950 398 2020 &
452 1943 583 2017 filii
619 1943 774 2018 casu
801 1943 1212 2031 deformata,
1264 1949 1332 2017 &
1365 1945 1520 2041 post
1547 1944 1855 2019 reditum
1912 1952 2297 2023 necestitate

325 2085 452 2138 aut
487 2062 836 2139 subeundi
859 2063 1146 2160 judicii,
1169 2087 1292 2138 aut
1327 2067 1527 2138 fimul
1557 2091 1723 2138 cum
1747 2067 1963 2164 patria
1984 2069 2298 2144 deseren—

331 2183 468 2259 di?
523 2183 780 2258 Punici
811 2206 1044 2258 tamen
1069 2183 1230 2258 belli
1260 2185 1659 2282 perpetrati,
1692 2212 1841 2283 quo
1864 2190 2142 2262 nullum
2180 2217 2298 2264 ne-

332 2305 482 2400 q'ue
501 2304 726 2400 majus
754 2331 988 2403 neque
1015 2303 1463 2402 periculosius
1487 2306 1799 2381 Romani
1822 2310 2305 2408 geffere,unus

331 2403 790 2525 praecipuam
809 2423 1105 2522 gloriam
1139 2423 1324 2499 tulit.

437 2547 636 2620 LIV.
740 2546 981 2619 Morte
1005 2542 1323 2618 Africani
1355 2569 1631 2618 crevere
1663 2544 2119 2624 inimicorum
2153 2551 2302 2624 ani-

335 2664 467 2740 mi.
565 2669 901 2766 Qorum
935 2664 1262 2763 princeps
1293 2663 1431 2738 fuit
1459 2667 1574 2739 M.
1610 2667 1901 2742 Porcius
1934 2671 2139 2758 Cat0,
2174 2671 2301 2769 qui

331 2785 508 2860 vivo
549 2809 842 2883 quoque
871 2810 957 2858 eo
991 2785 1324 2857 adlatrare
1359 2784 1505 2879 ejus
1539 2786 2111 2885 magnitudinem
2146 2789 2303 2866 soli-

337 2926 458 2980 tus
483 2924 648 2978 erat.
713 2904 886 2978 Hoc
912 2905 1192 2978 auctore
1219 2902 1707 2980 existimantur
1736 2907 1994 2983 Petillii
2017 2912 2119 3000 &,
2140 2911 2307 2987 vivo

339 3022 734 3110 Africam,-
781 3049 930 3096 rem
987 3023 1285 3122 ingreffi,
1340 3023 1442 3113 δε,
1505 3047 1815 3116 mortu0,
1870 3033 2307 3129 rogationem

337 3144 838 3243 promulgaffe.
939 3142 1110 3218 Fuit
1141 3165 1382 3218 autem
1411 3145 1685 3244 rogatio
1712 3148 1903 3224 talis:
1944 3161 1994 3194 “
2034 3152 2307 3243 Velitis,

345 3275 399 3310 “
423 3262 764 3360 jubeatis»,
812 3280 1210 3361 quaeratur,
1256 3290 1438 3362 quae
1468 3267 1773 3362 pecunia
1804 3292 2029 3368 capta,
2055 3274 2307 3363 ablata,

342 3394 398 3428 “
439 3383 680 3458 coacta
733 3384 825 3456 ab
866 3408 1026 3481 rege
1082 3382 1448 3458 Antiocho
1505 3386 1631 3475 est,
1683 3389 1955 3488 quique
2003 3390 2131 3469 sub
2161 3395 2308 3490 ejus

341 3515 398 3550 ‘⁴
437 3501 739 3601 imperio
763 3500 1051 3576 fuerunt
1064 3535 1088 3590 ;
1115 3505 1320 3600 quod
1347 3505 1492 3600 ejus
1517 3505 1591 3579 in
1614 3508 1991 3604 publicum
2012 3514 2308 3588 relatum

341 3637 398 3670 “
439 3648 586 3697 non
619 3623 743 3711 est,
772 3620 881 3696 uti
915 3623 1006 3696 de
1039 3649 1120 3696 ea
1151 3649 1222 3696 re
1243 3625 1384 3699 Ser.
1418 3624 1775 3722 Sulpicius
1798 3651 2071 3726 praetor
2104 3637 2311 3710 urba·

347 3755 404 3790 “
441 3770 580 3818 nus
605 3744 696 3817 ad
731 3742 1046 3818 senatum
1072 3741 1371 3818 referat?
1407 3770 1626 3843 quem
1652 3773 1807 3821 eam
1842 3773 1989 3824 rem
2016 3753 2187 3826 velit
2215 3753 2312 3829 se-

343 3873 402 3908 “
439 3883 645 3938 natus
671 3887 997 3962 quaerere
1032 3864 1122 3937 de
1150 3863 1260 3952 iis,
1296 3864 1423 3962 qui
1459 3888 1805 3962 praetores
1838 3895 2031 3944 nunc
2063 3870 2219 3947 sun‘t
2239 3877 2313 3947 ?’'

351 3981 565 4062 Huic
594 3981 941 4083 rogationi
962 3983 1192 4081 primo
1213 3983 1413 4086 Q&
1435 3987 1527 4058 L.
1551 3987 1909 4064 Mummii
1930 3988 2313 4066 intercede-

351 4109 568 4180 bant=
623 4102 936 4178 senatum
989 4127 1319 4201 quaerere
1372 4105 1462 4177 de
1494 4107 1793 4203 pecunia
1826 4133 1971 4183 non
1998 4111 2203 4184 relata
2236 4111 2313 4186 in

352 4221 764 4322 publicum,
827 4219 924 4295 ita
972 4243 1055 4296 ut
1115 4243 1318 4297 antea
1374 4222 1641 4325 semper
1687 4224 1952 4304 factum
1985 4231 2175 4319 effet,
2203 4257 2315 4306 ae-
