3100 5359
769 684 910 763 322
1419 661 2066 739 ‘T.L1vrr

770 881 1014 935 vorem
1071 854 1322 958 populi
1373 854 1602 957 magis
1644 853 2013 957 magisque
2062 855 2139 937 in
2168 880 2373 939 eum.
2398 857 2749 940 inclinari

772 998 1110 1066 cerneret,
1132 975 1425 1053 dimissis
1451 976 1790 1068 comitiis,
1820 977 2138 1059 senatum
2165 978 2473 1057 vocavit.
2548 982 2749 1061 Cen·

770 1097 1062 1175 suerunt
1094 1097 1522 1196 frequentes,
1576 1108 1628 1143 ‘⁶
1666 1098 2011 1198 quoniam
2058 1102 2403 1184 Flaccum
2430 1102 2747 1179 auetori-

773 1230 825 1267 “
862 1240 962 1296 tas
1016 1222 1306 1295 Patrum
1361 1218 1544 1295 nihil
1600 1219 1957 1311 moviffet,
2006 1224 2100 1299 nd
2156 1225 2511 1323 populum
2558 1248 2747 1302 cum

775 1350 828 1387 ‘⁸
881 1340 1144 1416 Flacco
1170 1340 1608 1439 agendum.”
1706 1341 2077 1420 Concione
2096 1344 2475 1433 advocata,
2504 1370 2748 1445 quum

749 1460 1017 1563 egiffet
1057 1459 1349 1550 consu13
1400 1488 1492 1539 ne
1541 1482 1701 1539 turn
1744 1462 2047 1563 quidem
2080 1465 2174 1540 de
2204 1464 2545 1541 sentemia
2585 1491 2749 1543 mo-

774 1604 914 1674 tuS,
966 1580 1220 1683 gratias
1265 1585 1537 1681 populo
1590 1584 1929 1661 Romano
1978 1583 2153 1685 egit,
2206 1594 2258 1630 “
2292 1587 2495 1684 quod
2548 1604 2751 1663 tanto

772 1714 824 1751 “
859 1702 1124 1791 studio,
1199 1700 1795 1803 quotiescumque
1842 1704 2297 1783 declarandae
2352 1706 2747 1783 voluntatis

773 1835 826 1871 ‘⁸
861 1823 1160 1925 potestas
1189 1822 1374 1902 facta
1395 1824 1590 1914 effer,
1626 1844 2019 1922 praetorem
2044 1824 2113 1901 se
2137 1824 2467 1903 voluifl'et
2482 1826 2745 1905 faeere.

775 1956 827 1993 “
867 1948 975 2021 Ea
1005 1943 1132 2024 fibi
1159 1943 1394 2020 studia
1437 1945 1711 2021 civium
1760 1945 2051 2023 suorum
2074 1946 2457 2025 destituere
2480 1974 2633 2024 non
2666 1947 2747 2026 in

776 2078 828 2116 ‘⁸
865 2066 1111 2143 animo
1141 2066 1346 2141 effe.”
1445 2066 1653 2143 Haec
1684 2092 1855 2142 vero
1880 2086 2028 2145 tarn
2048 2066 2406 2145 obstinata
2419 2094 2575 2145 vox·
2590 2090 2747 2145 tan·

775 2210 938 2267 tum
969 2186 1036 2263 ei
1069 2185 1384 2263 favorem
1415 2187 1774 2276 accendit,
1823 2191 2135 2265 uthaud
2159 2190 2435 2268 dubius
2464 2211 2747 2288 praetor

775 2311 968 2398 effet,
1041 2310 1088 2383 fi
1139 2306 1388 2383 consul
1435 2306 1758 2407 accipere
1816 2334 2083 2387 nomen
2136 2311 2372 2386 vellet.
2482 2312 2749 2411 Ingens

777 2450 1132 2507 certamen
1182 2426 1518 2517 tribunis,
1570 2432 1641 2503 ὅτ
1676 2427 1859 2505 inter
1887 2428 1957 2505 se
2006 2429 2218 2531 ipsos,
2270 2434 2341 2507 δι
2374 2456 2551 2507 cum
2576 2456 2747 2509 oon·

777 2550 950 2639 sule,
980 2548 1160 2627 fuit:
1213 2551 1442 2625 donec
1470 2547 1744 2625 senatus
1770 2576 1812 2625 a
1843 2550 2133 2628 consule
2158 2550 2261 2627 est
2280 2548 2605 2639 habitus,
2624 2552 2747 2626 dse-

777 2693 1242 2769 cretumquez
1297 2680 1348 2713 ‘⁸
1376 2667 1746 2768 quoniam,
1796 2670 2133 2771 praetoris
2163 2670 2599 2773 subrogandi
2622 2698 2747 2749 co-

779 2802 832 2839 “
867 2789 1074 2869 mitia
1103 2816 1193 2866 ne
1226 2788 1508 2891 legibus
1537 2792 1813 2883 fierent,
1848 2792 2235 2892 pertinacia
2262 2797 2379 2894 Q
2402 2794 2747 2873 Flacci&

779 2922 834 2961 “
867 2936 1080 3012 prava
1111 2910 1344 2991 studia
1365 2910 1751 2991 hominum
1785 2911 2209 3012 inpedirent,
2234 2912 2560 2990 senatum
2586 2941 2749 2991 cen-

781 3042 834 3079 “
871 3032 1045 3123 sere,
1081 3030 1242 3111 satis
1273 3052 1679 3132 praetorum
1722 3035 1901 3110 efl'ez
1954 3038 2039 3111 P.
2072 3033 2447 3111 Cornelius
2480 3055 2748 3113 utum·

781 3166 834 3202 “
873 3180 1014 3254 que
1045 3150 1122 3230 in
1141 3156 1320 3232 urbe
1332 3152 1905 3252 jurisdictionem
1932 3156 2245 3245 haberet,
2276 3154 2751 3256 Apollinique

782 3286 836 3323 “
871 3277 1082 3351 ludos
1115 3273 1441 3355 faceret.”

883 3397 1056 3473 XL.
1156 3396 1304 3475 His
1328 3392 1643 3473 comitiis
1674 3393 2053 3495 prudentia
2091 3398 2165 3472 &
2192 3394 2455 3473 virmte
2478 3396 2759 3487 finam

786 3514 1103 3605 sublatis,
1135 3513 1275 3595 alia
1307 3514 1587 3613 majoris
1616 3512 2046 3603 certaminis,
2074 3540 2225 3617 quo
2257 3520 2335 3592 ὃῑ
2366 3519 2635 3618 majore
2661 3524 2757 3599 de

787 3662 889 3727 re,
915 3634 992 3713 &
1025 3634 1208 3712 inter
1245 3638 1484 3737 plures
1509 3635 2081 3737 potentioresque
2118 3636 2336 3728 viros,
2367 3637 2531 3716 sunt
2548 3668 2755 3719 aor-

783 3780 878 3837 ta.
973 3754 1365 3837 censuram
1423 3754 1705 3833 summa
1759 3758 2217 3836 contentione
2268 3764 2607 3860 petebant
2644 3766 2753 3843 J...

783 3877 1108 3957 Valerius
1133 3878 1463 3965 Flaccus,
1515 3876 1596 3951 P.
1624 3880 1692 3952 δι
1716 3878 1812 3953 L.
1836 3878 2228 3980 ScipioneS,
2262 3884 2401 3959 Cn.
2430 3884 2757 3961 Manlius

785 4000 1036 4091 Vuls0,
1051 4002 1146 4077 L.
1167 3997 1428 4075 Furius
1453 4001 1850 4096 Purpure0,
1860 3999 2139 4097 patricii
2156 4032 2175 4076 ε
2202 4002 2463 4102 plebeji
2483 4024 2753 4094 aurem,

785 4126 906 4204 M.
931 4120 1230 4205 Porcius
1263 4120 1474 4212 Cato,
1509 4118 1627 4195 M.
1662 4118 1965 4197 Fulvius
1988 4122 2356 4215 Nobilior,
2388 4124 2515 4200 Ti.
2540 4129 2614 4202 ἃ
2638 4126 2755 4201 Μ.
