3100 5359
781 705 914 802 198
1407 701 2014 776 T.L1v11

775 877 1107 974 patebant
1136 873 1408 974 plagae,
1432 878 1500 948 &
1533 873 1799 949 candor
1821 895 2199 971 corporum
2222 867 2445 970 magis
2466 865 2750 970 sangui·

779 1020 868 1070 ne
883 1014 1034 1070 atro
1063 996 1571 1068 maculabatur.
1647 995 1785 1067 Sed
1818 1017 1961 1066 non
1990 1013 2137 1066 tam
2164 991 2572 1087 patentibus
2600 992 2751 1090 pla-

784 1114 892 1215 gis
919 1135 1317 1190 moventur.
1417 1114 1792 1187 Interdum
1826 1109 2083 1186 inseeta
2112 1131 2305 1198 cute,
2357 1111 2487 1186 ubi
2516 1109 2751 1198 latior,

782 1260 1000 1335 quam
1035 1233 1265 1321 altior,
1301 1234 1508 1332 plaga
1533 1232 1660 1322 est,
1700 1231 1913 1306 etiam
1942 1229 2307 1332 gloriosius
2336 1229 2401 1305 se
2434 1257 2755 1332 pugnare

784 1370 1064 1453 putant.
1165 1351 1424 1442 Iidem,
1479 1377 1713 1450 quum
1758 1353 2045 1426 aculeus
2078 1349 2363 1450 sagittae
2396 1371 2521 1426 aut
2554 1353 2755 1451 glan-

787 1474 926 1561 dis,
989 1465 1270 1550 abditae
1319 1470 1677 1561 introrsus,
1733 1470 1931 1546 tenui
1986 1472 2278 1546 vulnere
2326 1470 2401 1546 in
2444 1467 2753 1570 speciem

779 1592 951 1682 urit,
1003 1595 1072 1667 ὅτ
1099 1591 1503 1679 scrutantes,
1555 1616 1740 1690 quae
1770 1593 2057 1681 vellant,
2086 1595 2313 1666 telum
2346 1617 2493 1666 non
2520 1589 2751 1690 sequi-

783 1733 946 1800 tur;
997 1733 1184 1801 tum,
1221 1711 1294 1786 in
1331 1710 1597 1787 rabiem
1631 1716 1699 1786 &
1738 1713 2091 1810 pudorem
2122 1733 2267 1786 tam
2293 1735 2543 1811 parvae
2568 1710 2751 1810 peri-

781 1831 1039 1909 mentis
1086 1831 1294 1932 pestis
1337 1833 1533 1918 versi,
1584 1831 2029 1930 prosternunt
2062 1856 2357 1929 corpora
2388 1829 2623 1919 humi,
2656 1835 2749 1906 fic

778 1971 868 2028 ut
897 1955 1138 2053 paffim
1163 1954 1732 2050 procumberent.
1832 1949 2014 2041 Alii,
2041 1971 2321 2025 tuentes
2342 1949 2417 2024 in
2443 1950 2746 2038 hostem,

780 2072 1112 2174 undique
1137 2071 1716 2170 configebantur:
1763 2074 1863 2158 ὅτ,
1912 2095 2145 2168 quum
2179 2068 2507 2146 cominus
2538 2096 2747 2146 vene-

781 2213 964 2283 rant,
999 2189 1254 2294 gladiis
1279 2215 1322 2264 a
1341 2188 1675 2264 velitibus
1704 2187 2261 2265 trucidabantur.
2362 2190 2517 2265 Hic
2546 2187 2748 2264 miles

781 2313 1197 2414 tripedalem
1249 2335 1565 2410 parmam
1630 2309 1871 2399 habet,
1938 2313 2008 2384 ὅτ
2075 2308 2151 2384 in
2199 2311 2451 2385 dextra
2498 2309 2745 2399 hastas,

781 2431 1048 2530 quibus
1100 2427 1382 2506 eminus
1447 2426 1695 2503 utitur.
1796 2428 2060 2504 Gladio
2104 2429 2555 2530 Hispanienfi
2597 2431 2702 2506 est

783 2551 1083 2628 cineus.
1182 2550 1405 2650 Qod
1453 2550 1499 2622 fi
1546 2548 1729 2647 pede
1776 2548 2057 2622 conlato
2100 2551 2577 2650 pugnandum
2624 2549 2749 2638 est,

783 2667 1121 2746 transsatis
1147 2667 1222 2742 in
1253 2669 1523 2743 laevam
1547 2665 1784 2756 hastis,
1812 2665 2090 2768 stringit
2118 2668 2464 2768 gladium.
2530 2668 2752 2750 Pauci

785 2789 1186 2889 supererant
1202 2789 1356 2884 jam
1391 2788 1793 2863 Gallorum.
1876 2787 2057 2887 Qi,
2091 2789 2465 2887 postquam
2496 2792 2589 2865 ab
2612 2787 2749 2865 levi

781 2928 1132 2983 amatura
1156 2909 1505 3006 superatos
1525 2906 1592 2981 se
1619 2905 1981 2995 viderunt,
2010 2906 2357 2984 &instare
2381 2908 2753 3010 legionum

781 3025 1006 3128 figna,
1035 3026 1249 3104 effusa
1279 3025 1454 3126 fuga
1477 3026 1695 3101 castra
1714 3045 2067 3123 repetunt,
2092 3025 2367 3126 pavoris
2387 3031 2455 3104 &
2484 3029 2751 3104 tumul-

787 3169 904 3224 tus
922 3148 1074 3245 jam
1108 3148 1360 3246 plena:
1410 3166 1497 3219 ut
1525 3143 1660 3220 ubi
1694 3141 2029 3235 feminae,
2060 3145 2437 3247 puerique,
2497 3149 2569 3224 ac
2616 3147 2753 3224 alia

789 3267 1072 3346 inbellis
1124 3269 1332 3344 turba
1381 3262 1733 3364 permixta
1775 3265 1964 3342 effet.
2062 3267 2436 3344 Romanos
2458 3267 2753 3343 viantes

787 3386 1036 3464 deserti
1072 3386 1244 3487 fuga
1269 3383 1587 3460 hostium
1610 3405 2034 3483 acceperunt
2060 3385 2345 3462 tumuli.

888 3509 1134 3583 XXII.
1233 3505 1385 3581 Sub
1447 3501 1644 3579 idem
1705 3522 1989 3603 tempus
2044 3507 2141 3582 L.
2194 3503 2521 3585 Manlius
2566 3511 2637 3584 δι’
2666 3509 2753 3584 C.

789 3627 1130 3716 Helvius,
1165 3649 1427 3724 quum,
1487 3625 1732 3723 quoad
1764 3622 1953 3699 viam
1985 3626 2199 3702 colles
2224 3627 2503 3727 obliqui
2538 3629 2754 3704 dede-

791 3767 986 3838 runt,
1039 3743 1525 3832 escendiffent,
1560 3741 1937 3843 postquam
1962 3745 2057 3821 ad
2089 3744 2281 3822 invia
2308 3767 2604 3828 ventum
2628 3745 2757 3834 est,

788 3869 1046 3947 flexere
1095 3866 1226 3942 iter
1281 3863 1358 3939 in
1404 3883 1681 3962 partem
1710 3862 2009 3952 montis,
2060 3887 2246 3966 quae
2276 3893 2423 3944 una
2452 3868 2755 3944 habebat

791 3987 924 4062 iter
942 4020 967 4076 ;
1020 3990 1091 4062 δε
1117 3983 1313 4085 sequi
1340 3979 1647 4060 consulis
1666 4005 1951 4082 agmen,
2006 3985 2299 4062 modico
2328 4007 2630 4088 uterque
2649 3986 2755 4062 in-

788 4109 1108 4198 tervallo,
1165 4106 1364 4184 velut
1428 4127 1521 4183 ex
1578 4105 1997 4204 composito,
2056 4125 2485 4210 coeperunt:
2556 4107 2759 4212 quod
