3100 5359
713 727 856 804 372
1329 697 1480 774 .-T.
1578 697 1655 772 L
1706 717 1739 771 r
1792 719 1843 770 v
1906 719 1937 770 r
2000 719 2059 772 1.

715 880 769 915 “
805 866 988 970 quid
1015 866 1336 946 scelerate
1387 869 1464 946 in
1501 867 1785 944 fratrem
1819 865 2092 955 admifi,
2144 865 2413 940 nullam
2439 866 2690 962 depr-e*

717 1000 772 1035 “
807 1016 932 1065 cor
959 1015 1286 1088 poenam.
1385 989 1458 1064 Si
1493 989 1835 1063 innocens
1860 987 2043 1074 sum,
2094 1012 2183 1060 ne
2216 983 2487 1060 invidia
2516 1009 2690 1064 cont

717 1122 770 1154 ‘⁸
803 1113 1124 1210 flagrem,
1175 1134 1410 1208 quum
1460 1107 1759 1184 crimine
1810 1134 1955 1181 non
2006 1109 2283 1207 poffim,
2332 1106 2697 1202 deprecor.

719 1239 772 1274 “
811 1233 984 1306 Non
1026 1229 1244 1306 hodie
1291 1257 1407 1304 me
1444 1229 1761 1328 primum
1796 1227 2003 1302 frater
2020 1225 2357 1303 accusati
2410 1222 2530 1297 sed
2559 1225 2697 1296 ho·

719 1361 771 1396 “
809 1349 928 1425 die
963 1349 1278 1447 primum
1305 1371 1569 1449 aperte,
1618 1351 1821 1423 nullo
1846 1375 2011 1422 meo
2040 1347 2115 1420 in
2142 1345 2209 1422 se
2242 1343 2521 1422 merito,
2618 1341 2699 1418 Si

720 1479 776 1514 “
811 1469 991 1545 mihi
1043 1491 1236 1568 pater
1270 1467 1727 1556 succenseret,
1778 1490 1849 1541 te
1884 1469 2221 1564 majorem
2250 1465 2703 1562 fratrempro

719 1601 772 1634 “
809 1588 1083 1665 minore
1109 1589 1468 1686 deprecari
1501 1591 1897 1687 oportebat,
1934 1609 2004 1662 te
2036 1584 2573 1672 adolescentiae,
2624 1604 2697 1657 te

721 1719 774 1754 “
811 1709 1026 1784 errori
1085 1709 1364 1784 veniam
1419 1709 1816 1808 impetrare.
1922 1709 2007 1782 In
2040 1734 2155 1798 e0,
2206 1707 2337 1784 ubi
2370 1703 2701 1807 praefidi-

719 1841 774 1874 “
809 1855 938 1904 um
965 1831 1098 1904 effe
1127 1831 1522 1928 oportebat,
1574 1827 1675 1904 ibi
1702 1825 2008 1902 exitium
2038 1829 2161 1902 est.
2264 1831 2330 1902 E
2364 1823 2701 1900 convivio

723 1959 774 1993 ‘⁴
813 1953 882 2024 ὅτ
966 1947 1573 2024 comissationibus
1636 1973 1857 2046 prope
1924 1947 2385 2024 semisomnus
2462 1967 2702 2044 raptus

723 2080 774 2114 ‘⁸
809 2067 966 2144 sum
1011 2069 1104 2144 ad
1145 2069 1446 2142 cauffam
1481 2067 1841 2166 parricidii
1876 2067 2283 2146 dicendam.
2380 2065 2545 2142 Sine
2578 2065 2702 2140 ad-

725 2199 776 2234 “
807 2188 1102 2274 vocatiS,
1155 2191 1294 2262 fine
1327 2186 1665 2288 patronis,
1718 2187 1859 2286 ipse
1894 2213 2027 2286 pro
2048 2215 2163 2263 me
2196 2187 2433 2262 dicere
2460 2209 2701 2285 cogor.

719 2319 772 2352 ‘⁸
809 2307 881 2384 Si
909 2333 1042 2406 pro
1071 2306 1211 2380 alio
1243 2306 1639 2382 dicendum
1670 2311 1861 2396 effet,
1912 2329 2199 2406 tempus
2230 2309 2323 2381 ad
2352 2305 2707 2382 meditan-

725 2439 780 2474 “
814 2429 996 2502 dum
1057 2431 1126 2502 δε
1187 2431 1765 2528 componendam
1822 2427 2216 2503 orationem
2292 2426 2709 2514 sumfiffem,

726 2559 780 2598 ‘⁴
815 2573 1046 2648 quum
1096 2547 1278 2645 quid
1331 2547 1555 2636 aliud,
1606 2572 1827 2645 quam
1858 2547 2129 2647 ingenii
2162 2545 2375 2636 fama,
2428 2543 2709 2646 pericli-

726 2679 779 2714 “
815 2669 1046 2742 tarer?
1095 2669 1418 2766 Ignarus,
1471 2667 1652 2766 quid
1684 2671 2029 2742 arceffitus
2054 2669 2290 2757 effem,
2343 2688 2413 2742 te
2448 2667 2709 2741 iratum

727 2797 780 2832 “
816 2787 1286 2882 &jubentem
1319 2785 1557 2864 dicere
1584 2789 1918 2875 caussam,
1946 2785 2228 2862 fratrem
2260 2786 2712 2864 accusantem

729 2917 782 2958 “
817 2903 1088 2981 audivi.
1188 2907 1316 2980 Ille
1367 2905 1496 2984 diu
1541 2929 1713 2982 ante
1764 2926 2191 3006 praeparata,
2260 2905 2599 2982 meditata
2628 2905 2713 2982 in

729 3037 783 3076 ‘⁶
819 3053 937 3102 me
968 3024 1285 3101 oratione
1331 3025 1431 3100 est
1461 3025 1673 3102 usus:
1726 3053 1865 3128 ego
1896 3026 1973 3101 id
2006 3047 2286 3101 tantum
2335 3025 2704 3126 temporiS,

710 3159 784 3213 ›“
819 3173 970 3248 quo
1019 3144 1382 3220 accusatus
1437 3145 1621 3245 sum,
1692 3147 1786 3220 ad
1850 3145 2461 3246 cognoscendum,
2524 3146 2713 3245 quid

733 3279 785 3314 “
821 3287 1168 3368 ageretur,
1219 3264 1463 3341 habui.
1567 3267 1841 3340 Utrum
1900 3287 2267 3340 momento
2328 3263 2455 3340 illo
2495 3269 2713 3341 horae

717 3397 788 3456 .“
820 3385 1294 3462 accusatorem
1339 3384 1718 3460 audirem?
1770 3411 1859 3468 an
1902 3385 2379 3460 defensionem
2410 3386 2717 3462 medita-

734 3517 787 3554 “
823 3508 982 3582 rer?
1085 3504 1482 3580 Adtonitus
1505 3503 1877 3602 repentino
1910 3525 2124 3605 atque
2158 3505 2529 3605 inopinato
2562 3533 2715 3582 ma-

721 3635 786 3697 .'“
821 3627 922 3713 lo,
989 3624 1144 3712 vix,
1217 3624 1402 3722 quid
1467 3624 1917 3721 objiceretur,
1988 3625 2382 3726 intelligere
2436 3625 2663 3724 ‚potui
2690 3657 2715 3700 r

733 3755 790 3792 “
825 3745 1098 3819 nedum
1123 3742 1281 3818 satis
1313 3741 1552 3832 sciam,
1604 3769 1755 3844 quo
1788 3745 2012 3820 modo
2044 3771 2161 3820 me
2187 3768 2409 3820 tuear.
2506 3744 2721 3846 Qid

736 3876 790 3910 “
826 3862 1007 3939 mihi
1067 3861 1210 3964 spei
1261 3864 1452 3950 effet,
1503 3863 1631 3936 nifi
1664 3883 1935 3960 patrem
1963 3863 2293 3961 judicem
2324 3867 2660 3942 haberem
2690 3869 2721 3940 ἓ

732 3995 790 4032 “
823 3986 1020 4084 apud
1063 4009 1283 4082 quem
1320 3981 1585 4057 etiamfi
1632 3982 1915 4059 caritate
1946 4011 1990 4058 a
2028 3983 2232 4062 fratre
2264 3987 2527 4084 majore
2556 3985 2722 4062 virr-

735 4115 792 4154 “
827 4130 974 4195 cor,
1025 4101 1503 4180 misericordia
1560 4123 1745 4180 certe
1794 4129 1955 4184 reus
2006 4103 2205 4182 vinci
2250 4133 2403 4184 non
2460 4107 2723 4184 debers.
