3100 5359
1021 664 1096 742 L·
1146 691 1176 742 1
1233 689 1276 742 n
1334 691 1481 742 aa
1583 669 1753 743 XL.
2238 693 2383 770 407

409 837 720 919 infraffis
781 839 1118 917 omnibus
1182 842 1418 933 hastis,
1491 843 2065 920 transcurrerunt.
2176 841 2388 918 Diffi-

405 985 574 1064 pato
608 987 866 1049 cuneO,
918 959 992 1035 in
1039 987 1190 1059 quo
1241 963 1477 1038 omnis
1535 963 1681 1063 spes
1734 962 1987 1056 fuerat,
2039 961 2385 1039 Celtiberi

403 1082 780 1184 trepidare,
831 1086 929 1170 ὅτ,
979 1107 1201 1184 prope
1253 1082 1500 1158 omifl‘a
1555 1108 1825 1184 pugna,
1876 1085 2121 1159 locum
2171 1082 2385 1182 fugae

405 1200 962 1302 circumspicere.
1064 1205 1161 1277 Et
1199 1203 1390 1279 alarii
1444 1202 1748 1302 equites»,
1798 1202 2175 1303 postquam
2226 1203 2383 1277 Ro·

401 1348 782 1400 manorum
815 1322 1144 1422 equitum
1175 1344 1318 1400 tam
1339 1323 1797 1400 memorabile
1818 1322 2092 1402 facinus
2110 1322 2381 1412 videre,

405 1443 485 1518 δι
534 1442 686 1541 ipfi,
730 1443 994 1520 virtute
1033 1470 1283 1521 eorum
1316 1449 1606 1534 accensi,
1658 1447 1796 1519 fine
1837 1443 2051 1519 ullius
2083 1442 2383 1542 imperio

405 1562 484 1639 in
507 1566 948 1664 perturbatos
967 1565 1120 1662 jam
1146 1563 1376 1640 hostes
1408 1590 1634 1664 equos
1665 1563 2063 1640 inmittunt.
2164 1567 2383 1646 Tunc

404 1709 572 1759 vero
607 1683 974 1792 ⁸Celtiberi
1027 1709 1274 1780 omnes
1305 1683 1409 1758 'in
1462 1683 1712 1784 fugam
1764 1685 2259 1772 effunduntur,
2312 1687 2382 1759 ὅτ

407 1803 788 1910 imperator
820 1805 1222 1893 Romanus,
1273 1803 1538 1879 aversos
1572 1803 1801 1879 hostes
1835 1807 2381 1903 contemplatur»,

407 1926 656 2000 aedem
692 1927 1045 2000 Fortunae
1083 1922 1441 2022 Equestri‚
1503 1923 1815 2023 Jovique
1849 1924 2125 2025 optimo
2157 1925 2384 2006 maxi?

407 2071 558 2128 mo
584 2047 792 2122 ludos
845 2045 1066 2148 vovit.
1165 2045 1584 2121 Caeduntur
1613 2043 1955 2122 Celtiberi
1986 2070 2113 2144 per
2144 2065 2381 2120 totum

409 2164 658 2240 saltum
685 2165 982 2265 diffipati
1018 2165 1210 2264 fuga.
1281 2168 1556 2250 Decem
1585 2165 1661 2238 δε
1690 2165 1953 2264 septem
1979 2163 2204 2241 millia
2226 2165 2385 2240 hos-

407 2283 594 2382 tium
647 2284 840 2362 caesa
882 2311 969 2360 eo
1002 2284 1120 2360 die
1155 2287 1568 2360 traduntur:
1620 2283 1767 2361 vivi
1794 2284 1981 2386 capti
2012 2287 2177 2385 plus
2204 2313 2381 2386 qua-

406 2421 571 2482 tuor
612 2405 861 2496 millia,
914 2404 1241 2482 ducentis
1284 2403 1722 2506 septuaginta
1751 2403 2018 2508 septem
2047 2431 2219 2482 cum
2253 2410 2383 2508 fig-

407 2527 519 2604 nis
567 2526 1015 2616 militaribus,
1067 2526 1272 2626 equis
1296 2552 1518 2624 prope
1554 2525 1750 2600 mille
1776 2548 2091 2602 centum.
2190 2528 2381 2603 Nul-

407 2649 494 2724 lis
527 2647 762 2724 castris
792 2673 878 2724 eo
911 2647 1030 2722 die
1059 2647 1286 2722 vietor
1319 2645 1670 2722 exercitus
1699 2651 1968 2722 manfit.
2069 2647 2385 2724 ViCtoria

409 2795 556 2845 non
595 2771 738 2844 fine
757 2768 1033 2864 jactura
1065 2766 1377 2842 militum
1409 2765 1572 2841 fuit.
1672 2767 2195 2868 Qadringenti
2229 2769 2385 2869 sep-.

409 2887 730 2990 tuaginta
779 2889 930 2963 duo
977 2886 1238 2962 milites
1290 2885 1637 2976 Romani,
1690 2883 1962 2961 socium
2005 2913 2087 2963 ac
2133 2889 2379 2964 Latini

409 3009 722 3085 nominis
755 3008 949 3083 mille
985 3009 1235 3083 decem
1269 3006 1344 3079 δε
1374 3025 1661 3096 novem,
1714 3031 1885 3082 cum
1918 3007 2029 3082 his
2057 3004 2189 3082 tria
2218 3007 2381 3084 mil-

408 3129 506 3204 lia
555 3128 890 3204 militum.
925 3126 1456 3202 auxiliariorum
1506 3127 1889 3228 perierunt.
1985 3128 2095 3202 Ita
2154 3126 2382 3212 vietor

410 3249 790 3339 exercitus,
839 3267 1172 3324 renovata
1212 3245 1440 3346 priore
1473 3247 1721 3347 gloria,
1773 3251 2247 3324 Tarraconem
2280 3245 2381 3324 est

406 3371 818 3469 perduEtuS.
912 3367 1245 3443 Venienti
1273 3367 1532 3444 Fulvio
1554 3367 1675 3442 Ti.
1709 3367 2165 3466 Sempronius
2182 3393 2381 3466 prae-

413 3513 552 3580 tor,
613 3489 744 3592 qui
805 3489 1032 3568 biduo
1084 3509 1244 3563 ante
1299 3509 1611 3576 venerat,
1662 3487 1950 3564 obviam
2011 3490 2377 3589 procefi'itz

411 3609 934 3712 gratulatusque
954 3610 1079 3699 est,
1100 3608 1302 3708 quod
1322 3607 1835 3706 rempublicam
1857 3606 2137 3709 egregie
2158 3605 2382 3708 geffis·

412 3730 535 3808 set.
635 3732 826 3806 Cum
886 3729 1163 3806 summa
1211 3728 1621 3816 concordia,
1674 3754 1856 3827 quos
1914 3727 2378 3818 dimitterent,

408 3850 732 3951 quosque
783 3849 1160 3927 retinerent
1199 3847 1484 3936 militeS,
1535 3847 2106 3946 composuerunt.
2200 3849 2381 3924 Inde

419 3969 744 4060 Fulvius,
794 3969 1254 4049 exaudtoratis
1307 3965 1657 4044 militibus
1694 3967 1769 4045 in
1803 3987 2009 4047 naves
2044 3968 2381 4068 inpolitis,

1279 4088 1428 4162 Dd
1466 4112 1507 4188 5
1614 4175 1623 4182 Ι
