3100 5359
865 702 938 775 L
991 727 1018 774 1
1079 725 1120 774 s
1180 725 1223 774 Ε
1281 720 1328 774 ιι
1431 689 1861 775 XXXVIII.
2256 725 2397 802 247

425 868 858 973 reliquiss‘et3
911 873 1013 963 δὲ,
1066 873 1332 973 quibus
1371 875 1490 972 jus
1525 875 1617 948 de
1650 873 1718 947 se
1747 873 2091 949 dicendae
2126 872 2396 948 senten-

423 993 568 1068 tiae
621 997 692 1069 δε
744 993 1140 1070 libertatem
1173 993 1561 1083 ademisset,
1614 994 1723 1068 his
1759 993 2166 1085 comitatus„
2203 996 2401 1070 velut

425 1135 672 1212 captos
716 1117 1020 1204 trahens,
1067 1114 1514 1214 triumphum
1572 1114 1663 1188 de
1723 1115 1995 1212 populo
2061 1116 2401 1188 Romano

423 1233 698 1333 egiffet,
733 1233 1318 1333 seceffionemque
1353 1262 1440 1308 eo
1475 1235 1592 1308 die
1629 1233 1706 1308 in
1740 1232 2177 1332 Capitolium
2204 1260 2245 1307 a
2277 1233 2400 1306 tri-

423 1353 644 1428 bunis
687 1355 914 1452 plebis
971 1353 1274 1430 feciffet:
1341 1365 1392 1398 “
1431 1354 1737 1430 Habetis
1790 1379 1958 1452 ergo
1994 1351 2401 1428 temeritatis

423 1483 479 1518 “
513 1473 704 1548 illius
731 1475 1157 1550 mercedem.
1255 1479 1430 1576 Qo
1464 1477 1651 1550 duce
1675 1479 1743 1549 ὅτ
1763 1475 2047 1548 auc‘tore
2076 1499 2204 1547 nos
2239 1473 2399 1548 reli-

427 1601 486 1638 “
522 1594 795 1692 quistis,
847 1597 940 1669 ab
983 1621 1070 1669 eo
1109 1594 1234 1693 ipfi
1268 1594 1491 1669 relic'ti
1523 1593 1703 1669 estiS.
1808 1597 1903 1668 Et
1939 1614 2217 1668 tantum
2250 1591 2401 1670 ani-

427 1723 486 1758 “
522 1739 806 1789 morum
836 1715 912 1790 in
940 1714 1092 1790 dies
1119 1714 1326 1791 nobis
1346 1714 1710 1804 decrescit,
1734 1737 1843 1804 ut,
1872 1711 1963 1789 ad
1989 1739 2211 1812 quem
2236 1736 2398 1790 ante

431 1843 488 1878 “
522 1858 742 1910 annos
770 1834 1302 1933 septemdecim,
1332 1835 1725 1910 exercitum
1750 1839 1816 1909 ὅτ
1839 1837 2115 1909 claffem
2137 1837 2401 1912 haben·

431 1963 486 1998 “
521 1973 694 2042 tem,
729 1953 1052 2031 tribunos
1074 1954 1302 2052 plebis
1335 1954 1785 2053 aedilemque
1812 1954 2089 2029 mittere
2119 1954 2193 2030 in
2224 1954 2400 2030 Sici-

425 2083 486 2119 “
519 2074 689 2149 liam
721 2077 864 2148 aufi
897 2074 1164 2163 sumus,
1200 2073 1326 2174 qui
1363 2075 1879 2172 prehenderent
1912 2100 2107 2164 eum,
2146 2080 2211 2151 ὅτ
2245 2078 2400 2151 Ro-

429 2204 487 2239 “
520 2221 714 2269 mam
747 2196 1188 2284 reducerent,
1243 2195 1335 2268 ad
1369 2221 1536 2269 eum
1572 2195 1924 2293 privatum
1958 2220 2049 2268 ex
2082 2195 2249 2271 villa
2278 2197 2401 2272 sua

428 2322 485 2358 “
521 2316 1067 2403 extrahendum,
1085 2317 1175 2389 ad
1199 2317 1500 2390 cauffam
1523 2315 1932 2401 dicendam,
1956 2315 2232 2390 mittere
2251 2343 2399 2391 non
2508 2323 2517 2332 ‘

430 2442 486 2478 “
519 2435 906 2510 audeamus
933 2438 1007 2509 ?”
1106 2435 1418 2509 Tribuni
1476 2433 1731 2532 plebis,
1782 2434 2115 2531 adpellati
2163 2435 2254 2512 ab
2304 2439 2398 2511 L.

430 2553 791 2653 Scipione,
822 2554 919 2628 ita
937 2555 1426 2642 decreverunt,
1463 2561 1514 2597 ‘⁶
1551 2553 1623 2628 Si
1654 2553 1887 2628 morbi
1923 2557 2151 2630 cauffa
2182 2581 2400 2632 excu-

432 2684 486 2718 “
522 2673 801 2762 saretur,
855 2675 978 2750 fibi
1015 2677 1314 2773 placere,
1365 2672 1595 2772 accipi
1624 2699 1778 2747 eam
1809 2677 2137 2763 cauffam,
2171 2675 2399 2750 diem-

433 2803 486 2839 “
523 2818 670 2892 que
721 2821 762 2868 a
819 2793 1107 2893 collegis
1159 2793 1506 2892 prodici.''
1604 2793 1977 2870 Tribunus
2034 2793 2263 2894 plebis
2302 2822 2402 2896 ‘eo

433 2937 750 3012 tempore
784 2913 908 2988 Ti.
960 2914 1416 3011 Sempronius
1453 2915 1823 2988 Gracchus
1868 2935 2036 3002 erat,
2090 2913 2209 2989 cui
2264 2915 2400 2989 ini-

431 3032 744 3108 micitiae
823 3061 993 3108 cum
1087 3037 1168 3108 P.
1223 3033 1552 3132 Scipione
1622 3032 2170 3110 intercedebant.
2302 3037 2397 3124 Is,

431 3180 668 3254 quum
727 3153 1051 3229 vetuisset
1101 3174 1362 3228 nomen
1397 3152 1604 3228 suum
1638 3155 1923 3228 decreto
1956 3154 2389 3252 collegarum

430 3273 760 3364 adscribi,
831 3273 1352 3370 tristioremque
1386 3299 1634 3352 omnes
1668 3271 2080 3348 sententiam
2116 3272 2397 3373 exspec-

435 3415 688 3483 tarent,
738 3393 836 3468 ita
891 3392 1247 3468 decrevit:
1301 3403 1353 3436 “
1389 3399 1645 3494 Qum
1705 3396 1799 3468 L.
1844 3393 2087 3491 Scipio
2117 3393 2403 3468 excusat

425 3525 478 3560 “
511 3518 848 3591 morbum
869 3513 1002 3588 effe
1035 3514 1300 3587 cauffae
1313 3513 1703 3601 fratri,satis
1734 3511 1809 3587 id
1832 3513 1957 3587 sibi
1994 3513 2245 3589 videri.
2311 3517 2398 3590 Se

435 3645 486 3678 ‘⁶
521 3637 606 3710 P.
640 3634 1075 3733 Scipionem,
1131 3631 1538 3732 priusquam
1588 3635 1904 3708 Romam
1934 3634 2240 3723 rediffet,
2292 3661 2405 3710 ac-

437 3763 486 3799 “
525 3753 744 3829 cusari
770 3779 916 3828 non
948 3753 1329 3853 paffurum.
1400 3757 1602 3829 Turn
1631 3779 1953 3852 quoque,
1990 3757 2037 3828 fi
2065 3754 2133 3829 se
2166 3756 2405 3854 adpel-

437 3883 490 3920 “
523 3877 645 3964 let,
712 3874 982 3948 auxilio
1017 3872 1082 3947 ei
1112 3872 1464 3960 futurum,
1513 3900 1603 3947 ne
1633 3877 1935 3949 cauffam
1972 3873 2177 3949 dicat.
2283 3875 2409 3949 Ad

443 4005 492 4039 “
527 3995 608 4070 id
639 3992 1000 4094 fastigium
1027 3995 1235 4068 rebus
1264 3993 1500 4094 gestis,
1551 3993 1946 4072 honoribus
1966 3995 2213 4094 populi
2249 3997 2405 4070 Ro-

442 4123 492 4159 “
529 4113 748 4207 mani,
781 4117 862 4189 P.
886 4112 1292 4214 Scipionem
1325 4113 1649 4190 Deorum
1674 4115 2207 4214 hominumque
2238 4139 2405 4191 con-

1357 4255 1510 4351 Rs
