3100 5359
765 724 860 799 26
1429 717 2067 793 T.L1vrr

765 880 844 954 81
885 880 1238 981 principes
1289 885 1791 960 tantummodo
1833 910 2007 961 cum
2058 880 2303 983 paucis
2344 880 2725 961 clientibus

767 1004 1008 1091 essent,
1055 1023 1268 1103 atque
1293 1002 1346 1077 ii
1379 1002 1723 1093 dicerent,
1756 1004 1999 1079 omnia
2022 1004 2267 1079 sedulo
2293 1006 2385 1079 ab
2418 1002 2485 1078 se
2516 1003 2723 1093 saffica,

765 1142 851 1197 ut
883 1150 1100 1223 quam
1145 1123 1486 1223 plurimos
1527 1151 1619 1200 ex
1668 1124 2073 1201 civitatibus
2120 1123 2259 1199 suis
2308 1145 2722 1212 evocarent,

765 1268 898 1319 nec
931 1242 1366 1333 auctoritate,
1417 1271 1549 1321 nec
1594 1244 1837 1346 gratia,
1888 1272 2021 1321 nec
2055 1244 2357 1343 imperio
2388 1243 2723 1321 adversus

765 1366 1228 1441 detrectantes
1257 1364 1589 1441 militiam
1612 1366 1945 1454 valuifl‘e3
1996 1364 2372 1441 destitutus
2397 1363 2723 1463 undique

763 1483 841 1557 &
887 1486 978 1561 ab
1023 1483 1186 1573 suis,
1237 1484 1366 1584 qui
1411 1478 1866 1563 morabantur
1910 1486 1988 1561 in
2022 1490 2209 1575 Afia,
2260 1487 2338 1560 &
2367 1490 2459 1561 ab
2492 1484 2723 1573 sociiz,

687 1621 694 1627 '
765 1604 896 1704 qui
921 1632 1030 1693 ea,
1082 1604 1156 1680 in
1184 1632 1496 1704 quorum
1525 1606 1719 1705 spem
1750 1630 2195 1695 vocaverant,
2246 1632 2394 1681 non
2424 1605 2723 1705 praesta-

762 1728 962 1814 bant,
1023 1725 1204 1802 intra
1253 1726 1502 1803 saltum
1554 1728 2199 1827 Thermopylarum
2250 1726 2386 1802 sese
2440 1724 2725 1823 recepit.

767 1848 854 1921 Id
892 1847 1184 1947 jugum,
1235 1850 1411 1923 ficut
1453 1846 1823 1946 Apennini
1866 1846 2072 1923 dorso
2118 1846 2319 1923 Italia
2350 1846 2725 1935 dividitur,

765 1967 863 2043 ita
893 1966 1209 2043 mediam
1239 1966 1610 2043 Graeciam
1637 1966 1929 2045 dirimit.
1996 1972 2193 2045 Ante
2217 1967 2467 2043 saltum
2494 1970 2725 2042 Ther-

763 2092 1214 2188 mopylarum
1241 2087 1318 2163 in
1349 2086 1891 2188 septentrionem
1922 2086 2111 2163 versa
2146 2087 2431 2187 Epirus»,
2466 2092 2535 2165 a:
2559 2091 2727 2164 Per-

763 2208 1074 2297 rhaebia,
1125 2208 1202 2282 δι
1229 2211 1621 2309 Magnesia,
1672 2213 1741 2283 ὅτ
1768 2212 1841 2283 T
1842 2207 2123 2283 heffalia
2152 2208 2279 2297 est,
2314 2208 2389 2281 δε
2424 2208 2725 2284 Phthio·
2786 2246 2791 2251 ’

763 2350 872 2405 tae
925 2328 1225 2417 Achaei,
1277 2332 1346 2405 ὅτ
1394 2332 1579 2405 finus
1629 2326 2009 2405 Maliacus.
2108 2330 2299 2403 Intra
2340 2327 2578 2405 fauces
2628 2330 2727 2407 ad

761 2448 1136 2525 meridiem
1179 2472 1484 2549 vergunt
1530 2448 1854 2524 Aetoliae
1896 2474 2053 2547 pars
2096 2450 2340 2545 major,
2390 2449 2467 2523 δι
2500 2455 2725 2525 Acar-

761 2568 995 2657 nania,
1048 2574 1118 2644 &
1151 2594 1324 2645 cum
1350 2568 1662 2645 Locride
1696 2568 1983 2657 Phocis,
2015 2568 2093 2641 &
2125 2569 2415 2645 Boeotia
2430 2571 2724 2667 adjunc-

761 2710 976 2789 taque
1031 2687 1259 2764 insula
1313 2691 1638 2778 Euboea,
1696 2688 1804 2778 δι,
1864 2711 2273 2767 excurrente
2334 2690 2411 2764 in
2468 2692 2723 2779 altum,

761 2812 959 2886 velut
1007 2806 1518 2909 promontori0,
1570 2808 1815 2885 Attica
1845 2830 2047 2897 terra,
2098 2808 2224 2885 fita
2270 2813 2361 2885 ab
2407 2830 2605 2910 tergo
2650 2816 2723 2886 δι

762 2926 1308 3031 Peloponnesus·
1405 2930 1583 3004 Hoc
1599 2930 1895 3029 jugum,
1944 2932 2037 3005 ab
2072 2930 2387 3005 Leucate
2420 2930 2495 3003 δι
2544 2930 2722 3007 mari

762 3052 856 3127 ad
911 3049 1360 3127 occidentem
1414 3047 1611 3125 verso
1676 3076 1801 3149 per
1858 3050 2219 3125 Aetoliam
2271 3052 2365 3125 ad
2421 3052 2721 3127 alterum

761 3196 954 3247 mare
970 3168 1224 3247 orienti
1249 3170 1609 3266 objectum
1630 3171 1953 3259 tendens»,
1977 3196 2063 3245 ea
2086 3169 2349 3269 aspreta
2374 3170 2719 3270 rupesque

765 3291 1156 3388 interjectas
1201 3292 1440 3379 habet,
1489 3311 1573 3365 ut
1620 3316 1767 3365 non
1799 3291 2023 3365 modo
2047 3289 2421 3380 exercitus,
2484 3292 2603 3367 sed
2631 3319 2725 3367 ne

761 3410 1080 3511 expediti
1113 3409 1412 3512 quidem
1436 3408 1643 3485 facile
1666 3412 1841 3485 ullas
1872 3411 1965 3485 ad
1990 3416 2350 3487 tranfitum
2384 3414 2590 3487 calles
2610 3411 2720 3488 in-

759 3531 1070 3609 veniant.
1169 3534 1545 3607 Extremos
1595 3530 1689 3604 ad
1738 3529 2082 3606 orientem
2134 3554 2413 3607 montes
2460 3536 2722 3609 Oetam

757 3673 1045 3741 vocant,
1105 3676 1418 3750 quorum
1463 3652 1665 3751 quod
1716 3649 2119 3727 altiffimum
2178 3652 2305 3741 est,
2374 3653 2721 3729 Callidro-

763 3798 938 3851 mon
969 3772 1393 3869 adpellatur:
1447 3770 1522 3846 in
1576 3771 1777 3868 cujus
1823 3772 2000 3844 valle
2050 3772 2145 3846 ad
2196 3771 2597 3849 Maliacum
2642 3776 2719 3847 fi-

763 3916 943 3969 num
975 3910 1306 3991 vergente
1339 3889 1468 3965 iter
1500 3890 1601 3965 est
1636 3916 1779 3965 non
1812 3890 2045 3980 latius»,
2099 3918 2319 3991 quam
2362 3892 2723 3993 sexaginta

761 4014 1016 4113 paffus.
1117 4012 1324 4087 Haec
1376 4037 1521 4087 una
1572 4010 1889 4086 militaris
1928 4010 2043 4085 via
2086 4012 2211 4100 est,
2262 4039 2406 4112 qua
2444 4014 2721 4089 traduci

765 4132 1144 4223 exercitus,
1177 4135 1224 4209 fi
1259 4158 1402 4209 non
1429 4129 1963 4230 prohibeantur,
1994 4134 2271 4232 poffint.
2374 4136 2550 4211 Ideo
2583 4137 2722 4235 Py·
