3100 5359
812 722 903 789 80
1150 730 1157 737 ·
1430 720 2064 793 T.L1v11

810 920 907 981 re,
962 896 1029 965 δι
1090 890 1255 965 alias
1307 918 1543 990 parare
1590 920 1799 969 naves
1832 895 2045 991 juffit.
2147 893 2300 993 Ipse
2352 893 2429 968 in
2486 898 2796 999 Phrygia

810 1012 1236 1099 hibernavit,
1298 1012 1626 1112 undique
1681 1014 1948 1088 auxilia
1997 1018 2366 1091 arceffens:
2435 1016 2652 1093 etiam
2719 1019 2796 1093 in

814 1132 1379 1233 Gallograeciam
1408 1132 1706 1207 miserat.
1787 1134 2256 1211 Bellicofiores
2275 1164 2358 1211 ea
2384 1138 2794 1235 tempestate

812 1273 1032 1339 erant,
1112 1253 1425 1328 Gallicos
1479 1256 1746 1341 adhuc,
1833 1257 2162 1329 nondum
2223 1257 2527 1332 exsoleta
2583 1256 2792 1355 stirpe

812 1373 1069 1474 gemiti,
1122 1372 1464 1449 servantes
1522 1374 1822 1449 animos.
1928 1376 2202 1451 Filium
2262 1380 2646 1453 Seleucum
2716 1378 2790 1451 in

812 1493 1117 1571 Aeolide
1152 1494 1529 1593 reliquerat
1549 1520 1719 1569 cum
1748 1496 2064 1571 exercitu
2094 1499 2186 1571 ad
2213 1498 2597 1573 maritimas
2617 1526 2788 1574 con-

808 1618 1131 1691 tinendas
1164 1618 1406 1691 urbes:
1461 1641 1638 1712 quas
1675 1615 1872 1691 illinc
1927 1642 1967 1689 a
2001 1620 2350 1716 Pergamo
2391 1621 2782 1709 EumeneS,

806 1734 975 1810 hinc
1010 1763 1051 1809 a
1076 1738 1401 1809 Phocaea
1430 1734 1892 1833 Erythrisque
1940 1737 2256 1811 Romani
2294 1737 2786 1816 sollicitabant.

806 1859 1045 1932 Claffis
1093 1859 1451 1943 Romana,
1504 1858 1680 1930 ficut
1711 1878 1872 1929 ante
1935 1855 2214 1931 ὀίἑὶυηι
2250 1858 2374 1945 est,
2428 1860 2518 1933 ad
2554 1862 2785 1937 Canas

806 1978 1246 2052 hibernabat.
1350 1980 1463 2051 Eo
1494 1976 1734 2051 media
1765 1976 1981 2052 ferme
2010 1977 2247 2052 hieme
2267 2004 2391 2052 rex
2428 1982 2788 2055 Eumenes

803 2124 973 2173 cum
1004 2101 1289 2173 duobus
1324 2096 1642 2173 millibus
1674 2098 2032 2196 peditum,
2069 2099 2436 2196 equitibus
2463 2122 2784 2189 centum,

800 2219 1018 2293 venit.
1120 2221 1212 2305 Is,
1249 2244 1480 2315 quum
1514 2244 1848 2317 magnam
1883 2220 2214 2315 praedam
2248 2219 2364 2319 agi
2397 2222 2586 2318 poffe
2619 2220 2782 2295 dix-

798 2338 949 2413 iffet
1002 2365 1093 2411 ex
1148 2338 1460 2412 hostium
1514 2364 1710 2436 agm,
1765 2339 1894 2436 qui
1943 2338 2131 2413 circa
2184 2340 2530 2439 Thyatira
2587 2342 2780 2429 effet,

799 2462 1149 2534 hortando
1183 2457 1495 2558 perpulit
1529 2458 1862 2547 Livium,
1915 2480 1996 2532 ut
2036 2458 2364 2559 quinque
2391 2460 2618 2535 millia
2645 2460 2782 2535 mi-

800 2580 1012 2653 litum
1071 2577 1313 2652 secum
1345 2576 1677 2651 mitteret.
1781 2577 1978 2653 Miffi
2025 2578 2392 2679 ingentem
2447 2582 2784 2679 praedam

798 2698 981 2771 intra
1012 2723 1276 2795 paucos
1303 2696 1455 2771 dies
1480 2719 1901 2773 averterunt.

898 2819 1031 2891 IX.
1132 2818 1321 2890 Inter
1367 2819 1539 2892 haec
1578 2820 1940 2894 Phocaeae
1975 2819 2228 2915 seditio
2255 2842 2431 2909 orta,
2484 2822 2780 2921 quibus-

798 2940 966 3013 dam
1000 2938 1093 3013 ad
1128 2936 1576 3012 Antiochum
1613 2938 2098 3014 multitudinis
2117 2940 2394 3017 animos
2421 2944 2778 3019 avocanti-

794 3064 953 3136 bus.
1056 3056 1316 3132 Gravia
1349 3056 1646 3132 hiberna
1671 3058 1963 3133 navium
2019 3080 2254 3150 erant3
2307 3088 2515 3161 grave
2550 3064 2777 3140 tribu-

796 3202 982 3269 tum,
1018 3179 1220 3278 quod
1240 3198 1447 3277 togae
1472 3177 1907 3277 quingentae
1934 3178 2312 3279 imperatae
2337 3205 2563 3271 erant,
2601 3210 2774 3259 cum

794 3299 1205 3400 quingentis
1238 3296 1537 3385 tunicis;
1593 3298 1824 3397 gravis
1873 3299 2085 3373 etiam
2115 3299 2362 3400 inopia
2402 3301 2774 3394 frumenti,

793 3442 1077 3519 propter
1105 3430 1330 3519 quam'
1362 3446 1572 3493 naves
1601 3444 1894 3518 quoque
1937 3425 2006 3495 &
2037 3422 2462 3518 praefidium
2498 3425 2774 3498 Roma-

790 3567 969 3615 nurn
1004 3544 1305 3615 exceffit.
1374 3543 1577 3615 Turn
1607 3566 1772 3614 vero
1805 3539 2100 3615 liberata
2129 3563 2326 3616 metu
2357 3541 2570 3617 faetio
2599 3567 2769 3634 erat,

791 3686 975 3759 quae
1009 3662 1293 3760 plebem
1328 3660 1404 3734 in
1432 3659 1903 3734 concionibus
1935 3662 2029 3735 ad
2058 3660 2510 3737 Antiochum
2545 3668 2771 3741 trahe-

788 3783 933 3856 bat.
1033 3782 1325 3853 Senatus
1380 3784 1449 3853 ὅτ
1492 3779 1870 3877 optimates
1912 3780 1988 3854 in
2057 3782 2392 3857 Romana
2441 3782 2772 3871 societate

785 3899 1238 4000 perstandum
1272 3897 1669 3973 censebant.
1769 3899 2188 3975 defeciionis
2240 3904 2559 3977 auftores
2607 3908 2772 4004 plus

783 4021 980 4119 apud
1012 4018 1556 4093 multitudinem
1606 4020 2003 4095 valuerunt.
2067 4020 2375 4112 Rhodii,
2429 4048 2580 4123 quo
2615 4052 2765 4100 ma-

780 4141 889 4242 gis
916 4140 1248 4217 cessatum
1282 4138 1516 4238 priore
1536 4140 1786 4217 aestate
1808 4161 1976 4231 erat,
2013 4167 2100 4217 eo
2134 4142 2477 4220 maturius
2511 4146 2760 4245 aequi-
