3100 5359
779 673 922 752 252
1443 657 2080 739 T.Lrvrr

779 845 1242 924 aestimatam:
1283 875 1370 925 eo
1403 853 1659 954 magis,
1695 857 1927 956 quod,
1960 877 2191 936 tantae
2210 857 2531 936 summae
2556 843 2767 938 ratio·

785 993 958 1044 nem
989 967 1206 1044 etiam
1239 971 1330 1046 ab
1363 969 1516 1070 ipso
1572 977 1652 1050 P.
1686 975 2024 1076 Scipione
2068 979 2469 1080 requifitam
2518 985 2658 1057 effe
2690 983 2767 1056 in

789 1085 1062 1178 senatu,
1125 1091 1445 1168 tradunt:
1497 1092 1911 1192 librumque
1964 1097 2251 1176 rationis
2304 1101 2480 1197 ejus,
2534 1127 2769 1200 quum

785 1206 1114 1284 Lucium
1135 1207 1418 1288 fratrem
1439 1212 1711 1290 adferre
1726 1216 1811 1312 ju
1822 1219 2046 1306 ffifl‘et,
2078 1218 2508 1319 inspectante
2530 1221 2771 1296 senatu

789 1325 932 1404 suis
991 1327 1224 1428 ipsum
1285 1331 1623 1408 manibus
1678 1335 2179 1437 concerptiffez
2244 1339 2771 1440 indignantem,

789 1449 1022 1548 quod,
1057 1473 1288 1548 quum
1317 1451 1427 1530 bis
1447 1451 1705 1528 millies
1738 1453 1813 1530 in
1836 1456 2181 1533 aerarium
2206 1458 2573 1548 intuliffet,
2600 1485 2771 1559 qua·

788 1570 1068 1672 dragies
1101 1571 1278 1647 ratio
1306 1575 1400 1647 ab
1433 1572 1500 1648 se
1533 1573 1961 1672 posceretur.
2060 1580 2184 1654 Ab
2216 1581 2469 1656 eadem
2504 1576 2777 1654 fiducia

789 1691 1042 1781 animi,
1125 1717 1358 1800 quum
1420 1693 1819 1812 quaestores
1896 1696 2282 1797 pecuniam
2358 1726 2450 1775 ex
2510 1699 2773 1776 aerario

793 1835 1040 1890 contra
1084 1815 1318 1914 legem
1365 1839 1685 1914 promere
1738 1842 1885 1892 non
1954 1819 2323 1908 auderent,
2388 1820 2773 1918 poposciffe

791 1935 1050 2022 claveS,
1103 1938 1172 2009 &
1203 1933 1268 2010 se
1303 1957 1714 2034 apertumm
1746 1937 2095 2014 aerarium
2142 1938 2423 2030 dixisse,
2476 1941 2639 2040 qui,
2692 1959 2779 2014 ut

791 2056 1264 2145 clauderetur,
1319 2055 1671 2132 effeciffet.
1725 2049 1733 2058 ’

893 2177 1092 2252 LVI.
1191 2179 1442 2252 Multa
1489 2175 1651 2266 alia,
1704 2176 1779 2250 in
1814 2175 2169 2278 Scipionis
2214 2179 2411 2256 exitu
2460 2179 2781 2256 maximo

795 2297 1008 2386 vitae,
1037 2295 1304 2396 dieque
1337 2295 1557 2385 dicta,
1594 2319 1849 2386 morte,
1882 2298 2157 2388 funere,
2184 2299 2531 2400 sepulcre,
2572 2301 2649 2378 in
2672 2303 2778 2378 di-

793 2417 1069 2494 versum
1099 2419 1420 2494 trahunt:
1450 2437 1562 2505 ut,
1598 2417 1717 2491 cui
1754 2417 2007 2508 famae,
2043 2421 2313 2518 quibus
2340 2419 2616 2519 striptis
2650 2423 2771 2496 ad-

795 2537 1074 2625 sentiar,
1127 2563 1278 2612 non
1319 2539 1649 2612 habeam.
1750 2541 1926 2613 Non
1961 2541 2053 2614 de
2084 2539 2482 2616 accusatore
2512 2567 2775 2616 conve-

791 2659 944 2736 nitz
996 2655 1114 2734 alii
1151 2659 1271 2732 M.
1319 2657 1713 2750 Naevium,
1766 2657 1886 2732 alii
1922 2659 2239 2736 Petillios
2291 2658 2487 2736 diem
2522 2661 2781 2736 dixiffe

795 2777 1155 2856 scribunt:
1209 2802 1356 2851 non
1389 2777 1483 2852 de
1517 2798 1867 2875 tempore,
1900 2803 2054 2876 quo
2078 2779 2273 2855 dicta
2294 2781 2444 2856 dies
2478 2785 2593 2858 fit:
2632 2809 2777 2858 non

795 2901 888 2976 de
919 2923 1134 2989 ann0,
1186 2921 1337 2998 quo
1371 2917 1697 2972 mortuus
1730 2900 1841 2972 fit:
1894 2925 2041 2974 non
2074 2899 2203 2976 ubi
2250 2923 2610 2992 mortuus,
2658 2919 2780 2978 aut

793 3023 1019 3097 elatus
1052 3022 1153 3094 fit.
1255 3013 1406 3092 Alii
1441 3019 1753 3110 Romae,
1806 3017 1927 3092 alii
1960 3018 2241 3095 Literni
2277 3025 2345 3096 ὅτ
2380 3043 2776 3110 mortuum,

797 3145 870 3216 ὅτ
913 3138 1303 3240 sepultum:
1355 3136 1740 3234 utrobique
1794 3161 2265 3214 monumenta
2304 3141 2781 3218 ostenduntur

801 3264 870 3336 δι
897 3259 1184 3335 statuae.
1279 3259 1478 3332 Nam
1505 3261 1576 3332 ὅτ
1598 3257 1879 3333 Literni
1904 3280 2486 3350 monumentum,
2516 3288 2779 3339 monu-

799 3400 1191 3478 mentoque
1223 3377 1448 3454 statua
1481 3377 1981 3476 superinpofita
2006 3378 2173 3469 fuit,
2226 3405 2446 3480 quarn
2478 3382 2781 3484 tempes-

801 3521 945 3578 tate
974 3499 1342 3597 disjectam
1367 3523 1598 3596 nuper
1619 3495 1940 3574 vidimus
1976 3498 2125 3598 ipfi.
2230 3503 2326 3578 Et
2351 3504 2640 3580 Romae
2666 3529 2787 3580 ex-

803 3643 910 3698 tra
957 3641 1238 3722 portam
1295 3619 1659 3718 Capenam
1708 3617 1788 3692 in
1842 3619 2263 3720 Scipionum
2308 3645 2785 3700 monumento

801 3759 942 3818 tres
965 3739 1228 3816 statuae
1251 3735 1445 3814 sunt=
1483 3763 1793 3838 quarum
1819 3741 2003 3816 duae
2030 3745 2114 3818 P.
2136 3741 2212 3814 δι
2238 3745 2334 3820 L.
2355 3742 2782 3843 Scipionum

805 3859 1156 3936 dicuntur
1185 3861 1346 3949 effe,
1397 3859 1603 3934 tertia
1632 3868 1883 3958 poetae
1924 3865 2023 3962 Q
2060 3861 2306 3938 Ennii.
2402 3863 2569 3972 Nec
2600 3861 2785 3940 inter

811 3982 1178 4082 scriptores
1223 4006 1464 4058 rerum
1523 3978 1871 4082 discrepat
1930 3979 2192 4072 solum,
2262 3980 2385 4058 sed
2432 3982 2785 4060 orationes

811 4128 1134 4211 quoque,
1167 4101 1222 4180 fi
1253 4102 1480 4180 modo
1510 4100 1827 4202 ipsorum
1859 4099 2047 4193 sunt,
2098 4127 2283 4203 quae
2316 4101 2667 4194 feruntur,
2702 4105 2785 4184 B.
