<?xml version="1.0" encoding="UTF-8"?>
<!DOCTYPE html PUBLIC "-//W3C//DTD XHTML 1.0 Transitional//EN"
    "http://www.w3.org/TR/xhtml1/DTD/xhtml1-transitional.dtd">
<html xmlns="http://www.w3.org/1999/xhtml" xml:lang="en" lang="en">
 <head>
  <title>
</title>
<meta http-equiv="Content-Type" content="text/html;charset=utf-8" />
  <meta name='ocr-system' content='tesseract 3.04.00' />
  <meta name='ocr-capabilities' content='ocr_page ocr_carea ocr_par ocr_line ocrx_word'/>
</head>
<body>
  <div class='ocr_page' id='page_1' title='image "./tliviipatavinih01homegoog_0376.png"; bbox 0 0 3100 5359; ppageno 0'>
   <div class='ocr_carea' id='block_1_1' title="bbox 860 703 2140 825">
    <p class='ocr_par' dir='ltr' id='par_1_1' title="bbox 860 703 2140 825">
     <span class='ocr_line' id='line_1_1' title="bbox 860 703 2140 825; baseline 0.001 -26"><span class='ocrx_word' id='word_1_1' title='bbox 860 727 1001 825; x_wconf 72' lang='lat'>368</span> <span class='ocrx_word' id='word_1_2' title='bbox 1504 703 2140 800; x_wconf 74' lang='lat' dir='ltr'>T‘.L1v11</span> 
     </span>
    </p>
   </div>
   <div class='ocr_carea' id='block_1_2' title="bbox 835 898 2932 4252">
    <p class='ocr_par' dir='ltr' id='par_1_2' title="bbox 835 898 2932 4252">
     <span class='ocr_line' id='line_1_2' title="bbox 854 898 2826 1000; baseline 0.002 -25"><span class='ocrx_word' id='word_1_3' title='bbox 854 910 906 945; x_wconf 86' lang='lat'><strong>“</strong></span> <span class='ocrx_word' id='word_1_4' title='bbox 942 898 1245 1000; x_wconf 88' lang='lat' dir='ltr'>petitum</span> <span class='ocrx_word' id='word_1_5' title='bbox 1278 899 1688 976; x_wconf 83' lang='lat' dir='ltr'>criminatus</span> <span class='ocrx_word' id='word_1_6' title='bbox 1713 900 1838 989; x_wconf 88' lang='lat' dir='ltr'>est,</span> <span class='ocrx_word' id='word_1_7' title='bbox 1867 904 1935 975; x_wconf 74' lang='grc' dir='ltr'>δι</span> <span class='ocrx_word' id='word_1_8' title='bbox 1961 926 2208 975; x_wconf 89' lang='lat' dir='ltr'>omnes</span> <span class='ocrx_word' id='word_1_9' title='bbox 2241 898 2650 977; x_wconf 73' lang='lat' dir='ltr'>insidiarum</span> <span class='ocrx_word' id='word_1_10' title='bbox 2675 900 2826 979; x_wconf 61' lang='lat' dir='ltr'>vias</span> 
     </span>
     <span class='ocr_line' id='line_1_3' title="bbox 856 1018 2826 1098; baseline 0.003 -5"><span class='ocrx_word' id='word_1_11' title='bbox 856 1020 1017 1095; x_wconf 89' lang='lat' dir='ltr'>“in</span> <span class='ocrx_word' id='word_1_12' title='bbox 1062 1046 1291 1095; x_wconf 88' lang='lat' dir='ltr'>unum</span> <span class='ocrx_word' id='word_1_13' title='bbox 1342 1018 1539 1095; x_wconf 82' lang='lat' dir='ltr'>dieni</span> <span class='ocrx_word' id='word_1_14' title='bbox 1589 1020 1916 1096; x_wconf 90' lang='lat' dir='ltr'>contulit.</span> <span class='ocrx_word' id='word_1_15' title='bbox 2015 1018 2236 1095; x_wconf 87' lang='lat' dir='ltr'>Volui</span> <span class='ocrx_word' id='word_1_16' title='bbox 2283 1020 2590 1096; x_wconf 80' lang='lat' dir='ltr'>interdiu</span> <span class='ocrx_word' id='word_1_17' title='bbox 2651 1040 2826 1098; x_wconf 84' lang='lat' dir='ltr'>eum</span> 
     </span>
     <span class='ocr_line' id='line_1_4' title="bbox 854 1139 2824 1241; baseline 0.001 -26"><span class='ocrx_word' id='word_1_18' title='bbox 854 1148 907 1187; x_wconf 86' lang='lat'><strong>“</strong></span> <span class='ocrx_word' id='word_1_19' title='bbox 941 1139 1099 1239; x_wconf 89' lang='lat' dir='ltr'>post</span> <span class='ocrx_word' id='word_1_20' title='bbox 1146 1140 1655 1227; x_wconf 84' lang='lat' dir='ltr'>lustrationem,</span> <span class='ocrx_word' id='word_1_21' title='bbox 1706 1150 1940 1239; x_wconf 82' lang='lat' dir='ltr'>&#39;quum</span> <span class='ocrx_word' id='word_1_22' title='bbox 1983 1140 2500 1229; x_wconf 87' lang='lat' dir='ltr'>concurrimus,</span> <span class='ocrx_word' id='word_1_23' title='bbox 2553 1146 2620 1217; x_wconf 84' lang='lat'>&amp;</span> <span class='ocrx_word' id='word_1_24' title='bbox 2659 1142 2824 1241; x_wconf 86' lang='lat' dir='ltr'>qui-</span> 
     </span>
     <span class='ocr_line' id='line_1_5' title="bbox 853 1258 2818 1359; baseline 0 -24"><span class='ocrx_word' id='word_1_25' title='bbox 853 1270 905 1307; x_wconf 85' lang='lat'><strong><em>“</em></strong></span> <span class='ocrx_word' id='word_1_26' title='bbox 938 1262 1133 1349; x_wconf 81' lang='lat' dir='ltr'>dem,</span> <span class='ocrx_word' id='word_1_27' title='bbox 1184 1264 1232 1335; x_wconf 88' lang='lat' dir='ltr'>fi</span> <span class='ocrx_word' id='word_1_28' title='bbox 1267 1260 1429 1337; x_wconf 81' lang='lat' dir='ltr'>Diis</span> <span class='ocrx_word' id='word_1_29' title='bbox 1456 1262 1712 1359; x_wconf 88' lang='lat' dir='ltr'>placet,</span> <span class='ocrx_word' id='word_1_30' title='bbox 1771 1258 2262 1335; x_wconf 85' lang='lat' dir='ltr'>lustrationum</span> <span class='ocrx_word' id='word_1_31' title='bbox 2295 1258 2414 1335; x_wconf 85' lang='lat' dir='ltr'>die</span> <span class='ocrx_word' id='word_1_32' title='bbox 2447 1261 2818 1337; x_wconf 70' lang='lat' dir='ltr'>occidere:t</span> 
     </span>
     <span class='ocr_line' id='line_1_6' title="bbox 854 1378 2822 1479; baseline -0.001 -22"><span class='ocrx_word' id='word_1_33' title='bbox 854 1392 905 1430; x_wconf 87' lang='lat'><strong>“</strong></span> <span class='ocrx_word' id='word_1_34' title='bbox 936 1380 1159 1469; x_wconf 69' lang='lat' dir='ltr'>volui,</span> <span class='ocrx_word' id='word_1_35' title='bbox 1194 1391 1427 1479; x_wconf 83' lang='lat' dir='ltr'>quum</span> <span class='ocrx_word' id='word_1_36' title='bbox 1448 1380 1540 1454; x_wconf 90' lang='lat' dir='ltr'>ad</span> <span class='ocrx_word' id='word_1_37' title='bbox 1571 1404 1866 1455; x_wconf 83' lang='lat' dir='ltr'>coenam</span> <span class='ocrx_word' id='word_1_38' title='bbox 1895 1378 2216 1467; x_wconf 82' lang='lat' dir='ltr'>invitavi,</span> <span class='ocrx_word' id='word_1_39' title='bbox 2249 1399 2528 1455; x_wconf 73' lang='lat' dir='ltr'>veneno</span> <span class='ocrx_word' id='word_1_40' title='bbox 2553 1380 2822 1457; x_wconf 84' lang='lat' dir='ltr'>scilicet</span> 
     </span>
     <span class='ocr_line' id='line_1_7' title="bbox 852 1498 2817 1599; baseline -0.001 -22"><span class='ocrx_word' id='word_1_41' title='bbox 852 1512 903 1547; x_wconf 87' lang='lat'><strong>“</strong></span> <span class='ocrx_word' id='word_1_42' title='bbox 940 1503 1212 1577; x_wconf 80' lang='lat' dir='ltr'>tollere:</span> <span class='ocrx_word' id='word_1_43' title='bbox 1242 1498 1467 1589; x_wconf 83' lang='lat' dir='ltr'>volui,</span> <span class='ocrx_word' id='word_1_44' title='bbox 1494 1522 1728 1599; x_wconf 88' lang='lat' dir='ltr'>quum</span> <span class='ocrx_word' id='word_1_45' title='bbox 1753 1498 2196 1575; x_wconf 70' lang='lat' dir='ltr'>comiflatuin</span> <span class='ocrx_word' id='word_1_46' title='bbox 2223 1500 2476 1598; x_wconf 83' lang='lat' dir='ltr'>gladiis</span> <span class='ocrx_word' id='word_1_47' title='bbox 2503 1501 2817 1577; x_wconf 67' lang='lat' dir='ltr'>adcincti</span> 
     </span>
     <span class='ocr_line' id='line_1_8' title="bbox 848 1618 2810 1719; baseline -0.001 -20"><span class='ocrx_word' id='word_1_48' title='bbox 848 1634 901 1669; x_wconf 90' lang='lat'><strong>“</strong></span> <span class='ocrx_word' id='word_1_49' title='bbox 937 1650 1053 1699; x_wconf 86' lang='lat' dir='ltr'>me</span> <span class='ocrx_word' id='word_1_50' title='bbox 1112 1620 1331 1697; x_wconf 90' lang='lat' dir='ltr'>secuti</span> <span class='ocrx_word' id='word_1_51' title='bbox 1390 1619 1578 1709; x_wconf 87' lang='lat' dir='ltr'>sunt,</span> <span class='ocrx_word' id='word_1_52' title='bbox 1653 1618 1834 1695; x_wconf 87' lang='lat' dir='ltr'>ferro</span> <span class='ocrx_word' id='word_1_53' title='bbox 1893 1618 2306 1695; x_wconf 63' lang='lat' dir='ltr'>interficeres</span> <span class='ocrx_word' id='word_1_54' title='bbox 2446 1622 2810 1719; x_wconf 80' lang='lat' dir='ltr'>Tempora</span> 
     </span>
     <span class='ocr_line' id='line_1_9' title="bbox 848 1737 2812 1843; baseline -0.002 -26"><span class='ocrx_word' id='word_1_55' title='bbox 848 1752 903 1787; x_wconf 87' lang='lat'><strong>“</strong></span> <span class='ocrx_word' id='word_1_56' title='bbox 938 1742 1236 1843; x_wconf 85' lang='lat' dir='ltr'>quidem</span> <span class='ocrx_word' id='word_1_57' title='bbox 1262 1738 1501 1840; x_wconf 86' lang='lat' dir='ltr'>qualia</span> <span class='ocrx_word' id='word_1_58' title='bbox 1530 1743 1662 1814; x_wconf 87' lang='lat' dir='ltr'>fint</span> <span class='ocrx_word' id='word_1_59' title='bbox 1689 1740 1782 1813; x_wconf 84' lang='lat' dir='ltr'>ad</span> <span class='ocrx_word' id='word_1_60' title='bbox 1809 1737 2272 1837; x_wconf 83' lang='lat' dir='ltr'>parricidium</span> <span class='ocrx_word' id='word_1_61' title='bbox 2305 1740 2551 1828; x_wconf 63' lang='lat' dir='ltr'>electa,</span> <span class='ocrx_word' id='word_1_62' title='bbox 2579 1740 2812 1817; x_wconf 62' lang='lat' dir='ltr'>vides}</span> 
     </span>
     <span class='ocr_line' id='line_1_10' title="bbox 850 1850 2812 1961; baseline -0.002 -22"><span class='ocrx_word' id='word_1_63' title='bbox 850 1858 905 1909; x_wconf 64' lang='lat'>“&#39;</span> <span class='ocrx_word' id='word_1_64' title='bbox 936 1862 1153 1951; x_wconf 61' lang='lat' dir='ltr'>lusus„</span> <span class='ocrx_word' id='word_1_65' title='bbox 1183 1858 1525 1949; x_wconf 66' lang='lat' dir='ltr'>convivii,</span> <span class='ocrx_word' id='word_1_66' title='bbox 1552 1850 2078 1935; x_wconf 82' lang='lat' dir='ltr'>comiffationis.</span> <span class='ocrx_word' id='word_1_67' title='bbox 2175 1861 2428 1961; x_wconf 77' lang='lat' dir='ltr'>Qid?</span> <span class='ocrx_word' id='word_1_68' title='bbox 2455 1860 2608 1935; x_wconf 80' lang='lat' dir='ltr'>dies</span> <span class='ocrx_word' id='word_1_69' title='bbox 2639 1887 2812 1960; x_wconf 87' lang='lat' dir='ltr'>qua-</span> 
     </span>
     <span class='ocr_line' id='line_1_11' title="bbox 848 1978 2810 2083; baseline -0.001 -24"><span class='ocrx_word' id='word_1_70' title='bbox 848 1996 901 2033; x_wconf 87' lang='lat'><strong>“</strong></span> <span class='ocrx_word' id='word_1_71' title='bbox 932 1984 1071 2061; x_wconf 82' lang='lat' dir='ltr'>lis?</span> <span class='ocrx_word' id='word_1_72' title='bbox 1120 2001 1272 2083; x_wconf 84' lang='lat' dir='ltr'>quo</span> <span class='ocrx_word' id='word_1_73' title='bbox 1304 1980 1630 2055; x_wconf 87' lang='lat' dir='ltr'>lustratus</span> <span class='ocrx_word' id='word_1_74' title='bbox 1667 1978 2044 2067; x_wconf 82' lang='lat' dir='ltr'>exercitus,</span> <span class='ocrx_word' id='word_1_75' title='bbox 2095 2002 2247 2077; x_wconf 91' lang='lat' dir='ltr'>quo</span> <span class='ocrx_word' id='word_1_76' title='bbox 2292 1980 2474 2055; x_wconf 89' lang='lat' dir='ltr'>inter</span> <span class='ocrx_word' id='word_1_77' title='bbox 2515 1980 2810 2057; x_wconf 75' lang='lat' dir='ltr'>divisam</span> 
     </span>
     <span class='ocr_line' id='line_1_12' title="bbox 848 2098 2810 2199; baseline -0.009 -17"><span class='ocrx_word' id='word_1_78' title='bbox 848 2114 901 2152; x_wconf 87' lang='lat'><strong>“</strong></span> <span class='ocrx_word' id='word_1_79' title='bbox 934 2102 1329 2189; x_wconf 67' lang='lat' dir='ltr'>victimam,</span> <span class='ocrx_word' id='word_1_80' title='bbox 1378 2098 1694 2198; x_wconf 77' lang='lat' dir='ltr'>praelatis</span> <span class='ocrx_word' id='word_1_81' title='bbox 1745 2099 2102 2187; x_wconf 86' lang='lat' dir='ltr'>omnium,</span> <span class='ocrx_word' id='word_1_82' title='bbox 2155 2099 2286 2198; x_wconf 88' lang='lat' dir='ltr'>qui</span> <span class='ocrx_word' id='word_1_83' title='bbox 2317 2112 2670 2199; x_wconf 75' lang='lat' dir='ltr'>umquam</span> <span class='ocrx_word' id='word_1_84' title='bbox 2701 2102 2810 2179; x_wconf 56' lang='lat' dir='ltr'>fua</span> 
     </span>
     <span class='ocr_line' id='line_1_13' title="bbox 845 2199 2808 2319; baseline -0.002 -19"><span class='ocrx_word' id='word_1_85' title='bbox 845 2230 898 2273; x_wconf 74' lang='lat'>‘⁸</span> <span class='ocrx_word' id='word_1_86' title='bbox 933 2250 1075 2313; x_wconf 89' lang='lat' dir='ltr'>ere,</span> <span class='ocrx_word' id='word_1_87' title='bbox 1126 2199 1598 2297; x_wconf 78' lang='lat' dir='ltr'>Macedoniae</span> <span class='ocrx_word' id='word_1_88' title='bbox 1649 2239 1902 2319; x_wconf 87' lang='lat' dir='ltr'>regum</span> <span class='ocrx_word' id='word_1_89' title='bbox 1951 2217 2161 2294; x_wconf 86' lang='lat' dir='ltr'>armis</span> <span class='ocrx_word' id='word_1_90' title='bbox 2213 2218 2450 2319; x_wconf 85' lang='lat' dir='ltr'>regiis,</span> <span class='ocrx_word' id='word_1_91' title='bbox 2501 2222 2654 2296; x_wconf 91' lang='lat' dir='ltr'>duo</span> <span class='ocrx_word' id='word_1_92' title='bbox 2685 2220 2808 2297; x_wconf 83' lang='lat' dir='ltr'>soli</span> 
     </span>
     <span class='ocr_line' id='line_1_14' title="bbox 844 2338 2806 2443; baseline -0.001 -25"><span class='ocrx_word' id='word_1_93' title='bbox 844 2345 897 2392; x_wconf 69' lang='lat'>⁸‘</span> <span class='ocrx_word' id='word_1_94' title='bbox 934 2358 1055 2419; x_wconf 90' lang='lat' dir='ltr'>tua</span> <span class='ocrx_word' id='word_1_95' title='bbox 1098 2363 1410 2443; x_wconf 87' lang='lat' dir='ltr'>tegentes</span> <span class='ocrx_word' id='word_1_96' title='bbox 1460 2342 1696 2427; x_wconf 87' lang='lat' dir='ltr'>latera,</span> <span class='ocrx_word' id='word_1_97' title='bbox 1747 2358 1969 2437; x_wconf 83' lang='lat' dir='ltr'>pater,</span> <span class='ocrx_word' id='word_1_98' title='bbox 2017 2339 2362 2437; x_wconf 68' lang='lat' dir='ltr'>praevecti</span> <span class='ocrx_word' id='word_1_99' title='bbox 2419 2338 2688 2430; x_wconf 87' lang='lat' dir='ltr'>sumus,</span> <span class='ocrx_word' id='word_1_100' title='bbox 2739 2346 2806 2416; x_wconf 71' lang='grc' dir='ltr'>δε</span> 
     </span>
     <span class='ocr_line' id='line_1_15' title="bbox 844 2459 2801 2561; baseline -0.003 -21"><span class='ocrx_word' id='word_1_101' title='bbox 844 2476 896 2514; x_wconf 83' lang='grc'><strong>“</strong></span> <span class='ocrx_word' id='word_1_102' title='bbox 934 2464 1255 2540; x_wconf 86' lang='lat' dir='ltr'>secutum</span> <span class='ocrx_word' id='word_1_103' title='bbox 1314 2459 1414 2535; x_wconf 90' lang='lat' dir='ltr'>est</span> <span class='ocrx_word' id='word_1_104' title='bbox 1466 2460 1962 2535; x_wconf 79' lang='lat' dir='ltr'>Macedonum</span> <span class='ocrx_word' id='word_1_105' title='bbox 2017 2478 2298 2559; x_wconf 81' lang='lat' dir='ltr'><strong>agmen.</strong></span> <span class='ocrx_word' id='word_1_106' title='bbox 2397 2460 2578 2537; x_wconf 91' lang='lat' dir='ltr'>Hoc</span> <span class='ocrx_word' id='word_1_107' title='bbox 2643 2476 2801 2561; x_wconf 82' lang='lat' dir='ltr'>ego,</span> 
     </span>
     <span class='ocr_line' id='line_1_16' title="bbox 842 2576 2800 2680; baseline -0.003 -20"><span class='ocrx_word' id='word_1_108' title='bbox 842 2592 895 2634; x_wconf 85' lang='lat'><strong>“</strong></span> <span class='ocrx_word' id='word_1_109' title='bbox 924 2583 1141 2660; x_wconf 83' lang='lat' dir='ltr'>etiarn</span> <span class='ocrx_word' id='word_1_110' title='bbox 1184 2582 1231 2655; x_wconf 84' lang='lat' dir='ltr'>fi</span> <span class='ocrx_word' id='word_1_111' title='bbox 1284 2576 1468 2679; x_wconf 88' lang='lat' dir='ltr'>quid</span> <span class='ocrx_word' id='word_1_112' title='bbox 1509 2600 1671 2654; x_wconf 85' lang='lat' dir='ltr'>ante</span> <span class='ocrx_word' id='word_1_113' title='bbox 1709 2578 2124 2655; x_wconf 83' lang='lat' dir='ltr'>admififfem</span> <span class='ocrx_word' id='word_1_114' title='bbox 2151 2578 2438 2679; x_wconf 85' lang='lat' dir='ltr'>piaculo</span> <span class='ocrx_word' id='word_1_115' title='bbox 2467 2579 2800 2680; x_wconf 87' lang='lat' dir='ltr'>dignum,</span> 
     </span>
     <span class='ocr_line' id='line_1_17' title="bbox 839 2697 2800 2797; baseline -0.002 -18"><span class='ocrx_word' id='word_1_116' title='bbox 839 2714 893 2751; x_wconf 78' lang='lat'>‘⁶</span> <span class='ocrx_word' id='word_1_117' title='bbox 927 2703 1252 2780; x_wconf 86' lang='lat' dir='ltr'>lustratus</span> <span class='ocrx_word' id='word_1_118' title='bbox 1280 2702 1349 2775; x_wconf 74' lang='grc' dir='ltr'>δι</span> <span class='ocrx_word' id='word_1_119' title='bbox 1374 2697 1700 2797; x_wconf 84' lang='lat' dir='ltr'>expiatus</span> <span class='ocrx_word' id='word_1_120' title='bbox 1728 2697 1942 2787; x_wconf 88' lang='lat' dir='ltr'>sacro,</span> <span class='ocrx_word' id='word_1_121' title='bbox 1991 2718 2150 2773; x_wconf 87' lang='lat' dir='ltr'>tum</span> <span class='ocrx_word' id='word_1_122' title='bbox 2175 2723 2345 2773; x_wconf 89' lang='lat' dir='ltr'>cum</span> <span class='ocrx_word' id='word_1_123' title='bbox 2377 2699 2694 2775; x_wconf 82' lang='lat' dir='ltr'>maxime</span> <span class='ocrx_word' id='word_1_124' title='bbox 2725 2700 2800 2776; x_wconf 84' lang='lat' dir='ltr'>in</span> 
     </span>
     <span class='ocr_line' id='line_1_18' title="bbox 839 2808 2802 2919; baseline -0.002 -20"><span class='ocrx_word' id='word_1_125' title='bbox 839 2833 892 2871; x_wconf 84' lang='lat'><strong>“</strong></span> <span class='ocrx_word' id='word_1_126' title='bbox 929 2820 1227 2899; x_wconf 78' lang='lat' dir='ltr'>hostiam</span> <span class='ocrx_word' id='word_1_127' title='bbox 1250 2818 1477 2895; x_wconf 88' lang='lat' dir='ltr'>itineri</span> <span class='ocrx_word' id='word_1_128' title='bbox 1506 2815 1742 2893; x_wconf 86' lang='lat' dir='ltr'>nostro</span> <span class='ocrx_word' id='word_1_129' title='bbox 1769 2808 2278 2895; x_wconf 83' lang='lat' dir='ltr'>circumdatam</span> <span class='ocrx_word' id='word_1_130' title='bbox 2301 2816 2615 2907; x_wconf 89' lang='lat' dir='ltr'>intuens,</span> <span class='ocrx_word' id='word_1_131' title='bbox 2649 2846 2802 2919; x_wconf 56' lang='lat' dir='ltr'>para</span> 
     </span>
     <span class='ocr_line' id='line_1_19' title="bbox 841 2937 2800 3039; baseline -0.001 -20"><span class='ocrx_word' id='word_1_132' title='bbox 841 2950 894 2991; x_wconf 85' lang='lat'><strong>“</strong></span> <span class='ocrx_word' id='word_1_133' title='bbox 928 2940 1295 3029; x_wconf 85' lang='lat' dir='ltr'>ricidium,</span> <span class='ocrx_word' id='word_1_134' title='bbox 1363 2964 1659 3026; x_wconf 83' lang='lat' dir='ltr'>venena,</span> <span class='ocrx_word' id='word_1_135' title='bbox 1737 2938 2036 3039; x_wconf 81' lang='lat' dir='ltr'>gladios,</span> <span class='ocrx_word' id='word_1_136' title='bbox 2109 2937 2188 3012; x_wconf 88' lang='lat' dir='ltr'>in</span> <span class='ocrx_word' id='word_1_137' title='bbox 2245 2938 2800 3017; x_wconf 71' lang='lat' dir='ltr'>comiflationem</span> 
     </span>
     <span class='ocr_line' id='line_1_20' title="bbox 840 3056 2932 3165; baseline -0 -27"><span class='ocrx_word' id='word_1_138' title='bbox 840 3076 893 3116; x_wconf 82' lang='lat'>“</span> <span class='ocrx_word' id='word_1_139' title='bbox 926 3080 1386 3165; x_wconf 81' lang='lat' dir='ltr'>praeparatos,</span> <span class='ocrx_word' id='word_1_140' title='bbox 1463 3060 1872 3133; x_wconf 78' lang='lat' dir='ltr'>volutabam</span> <span class='ocrx_word' id='word_1_141' title='bbox 1929 3056 2006 3133; x_wconf 89' lang='lat' dir='ltr'>in</span> <span class='ocrx_word' id='word_1_142' title='bbox 2061 3057 2341 3134; x_wconf 81' lang='lat' dir='ltr'>animo:</span> <span class='ocrx_word' id='word_1_143' title='bbox 2393 3080 2478 3133; x_wconf 88' lang='lat' dir='ltr'>ut</span> <span class='ocrx_word' id='word_1_144' title='bbox 2535 3060 2799 3158; x_wconf 81' lang='lat' dir='ltr'>quibus</span> <span class='ocrx_word' id='word_1_145' title='bbox 2919 3098 2932 3111; x_wconf 85' lang='lat'><strong>·</strong></span> 
     </span>
     <span class='ocr_line' id='line_1_21' title="bbox 840 3174 2798 3261; baseline -0.002 0"><span class='ocrx_word' id='word_1_146' title='bbox 840 3196 893 3234; x_wconf 88' lang='lat'><strong>“</strong></span> <span class='ocrx_word' id='word_1_147' title='bbox 930 3185 1084 3261; x_wconf 86' lang='lat' dir='ltr'>aliis</span> <span class='ocrx_word' id='word_1_148' title='bbox 1136 3179 1397 3256; x_wconf 88' lang='lat' dir='ltr'>deinde</span> <span class='ocrx_word' id='word_1_149' title='bbox 1446 3176 1652 3254; x_wconf 85' lang='lat' dir='ltr'>sacris</span> <span class='ocrx_word' id='word_1_150' title='bbox 1697 3178 2246 3253; x_wconf 82' lang='lat' dir='ltr'>contaminatam</span> <span class='ocrx_word' id='word_1_151' title='bbox 2287 3178 2488 3253; x_wconf 88' lang='lat' dir='ltr'>omni</span> <span class='ocrx_word' id='word_1_152' title='bbox 2549 3174 2798 3257; x_wconf 77' lang='lat' dir='ltr'>scelere</span> 
     </span>
     <span class='ocr_line' id='line_1_22' title="bbox 840 3297 2795 3400; baseline -0.001 -21"><span class='ocrx_word' id='word_1_153' title='bbox 840 3317 893 3351; x_wconf 77' lang='lat'>‘⁶</span> <span class='ocrx_word' id='word_1_154' title='bbox 930 3324 1243 3380; x_wconf 84' lang='lat' dir='ltr'>mentem</span> <span class='ocrx_word' id='word_1_155' title='bbox 1262 3299 1673 3400; x_wconf 82' lang='lat' dir='ltr'>expiarem?</span> <span class='ocrx_word' id='word_1_156' title='bbox 1773 3300 1915 3375; x_wconf 89' lang='lat' dir='ltr'>Sed</span> <span class='ocrx_word' id='word_1_157' title='bbox 1940 3322 2189 3375; x_wconf 86' lang='lat' dir='ltr'>caecus</span> <span class='ocrx_word' id='word_1_158' title='bbox 2213 3297 2640 3375; x_wconf 84' lang='lat' dir='ltr'>criminandi</span> <span class='ocrx_word' id='word_1_159' title='bbox 2675 3326 2795 3377; x_wconf 88' lang='lat' dir='ltr'>cu·</span> 
     </span>
     <span class='ocr_line' id='line_1_23' title="bbox 835 3416 2794 3525; baseline -0.001 -27"><span class='ocrx_word' id='word_1_160' title='bbox 835 3434 888 3471; x_wconf 89' lang='lat'><strong>“</strong></span> <span class='ocrx_word' id='word_1_161' title='bbox 923 3422 1219 3525; x_wconf 88' lang='lat' dir='ltr'>piditate</span> <span class='ocrx_word' id='word_1_162' title='bbox 1273 3420 1580 3509; x_wconf 87' lang='lat' dir='ltr'>animus,</span> <span class='ocrx_word' id='word_1_163' title='bbox 1649 3420 1830 3495; x_wconf 88' lang='lat' dir='ltr'>dum</span> <span class='ocrx_word' id='word_1_164' title='bbox 1873 3418 2116 3493; x_wconf 86' lang='lat' dir='ltr'>omnia</span> <span class='ocrx_word' id='word_1_165' title='bbox 2163 3416 2470 3517; x_wconf 64' lang='lat' dir='ltr'>suspecta</span> <span class='ocrx_word' id='word_1_166' title='bbox 2527 3421 2794 3497; x_wconf 82' lang='lat' dir='ltr'>efficere</span> 
     </span>
     <span class='ocr_line' id='line_1_24' title="bbox 835 3536 2793 3631; baseline -0.001 -12"><span class='ocrx_word' id='word_1_167' title='bbox 835 3554 888 3590; x_wconf 88' lang='lat'><strong>“</strong></span> <span class='ocrx_word' id='word_1_168' title='bbox 922 3544 1105 3631; x_wconf 83' lang='lat' dir='ltr'>vult,</span> <span class='ocrx_word' id='word_1_169' title='bbox 1154 3539 1353 3617; x_wconf 82' lang='lat' dir='ltr'>aliud</span> <span class='ocrx_word' id='word_1_170' title='bbox 1381 3538 1521 3615; x_wconf 86' lang='lat' dir='ltr'>alio</span> <span class='ocrx_word' id='word_1_171' title='bbox 1556 3536 1957 3615; x_wconf 88' lang='lat' dir='ltr'>confundit.</span> <span class='ocrx_word' id='word_1_172' title='bbox 2057 3540 2274 3627; x_wconf 89' lang='lat' dir='ltr'>Nam,</span> <span class='ocrx_word' id='word_1_173' title='bbox 2323 3541 2372 3613; x_wconf 85' lang='lat' dir='ltr'>fi</span> <span class='ocrx_word' id='word_1_174' title='bbox 2415 3565 2698 3618; x_wconf 83' lang='lat' dir='ltr'>veneno</span> <span class='ocrx_word' id='word_1_175' title='bbox 2729 3558 2793 3619; x_wconf 80' lang='lat' dir='ltr'>te</span> 
     </span>
     <span class='ocr_line' id='line_1_25' title="bbox 838 3657 2792 3761; baseline -0.001 -22"><span class='ocrx_word' id='word_1_176' title='bbox 838 3675 893 3711; x_wconf 86' lang='lat'><strong>“</strong></span> <span class='ocrx_word' id='word_1_177' title='bbox 927 3663 1109 3739; x_wconf 87' lang='lat' dir='ltr'>inter</span> <span class='ocrx_word' id='word_1_178' title='bbox 1142 3686 1441 3737; x_wconf 87' lang='lat' dir='ltr'>coenam</span> <span class='ocrx_word' id='word_1_179' title='bbox 1497 3660 1740 3735; x_wconf 89' lang='lat' dir='ltr'>tollere</span> <span class='ocrx_word' id='word_1_180' title='bbox 1779 3657 2002 3746; x_wconf 86' lang='lat' dir='ltr'>volui,</span> <span class='ocrx_word' id='word_1_181' title='bbox 2051 3658 2236 3756; x_wconf 90' lang='lat' dir='ltr'>quid</span> <span class='ocrx_word' id='word_1_182' title='bbox 2265 3657 2504 3735; x_wconf 85' lang='lat' dir='ltr'>minus</span> <span class='ocrx_word' id='word_1_183' title='bbox 2547 3682 2792 3761; x_wconf 81' lang='lat' dir='ltr'>aptum</span> 
     </span>
     <span class='ocr_line' id='line_1_26' title="bbox 836 3777 2790 3881; baseline -0.002 -20"><span class='ocrx_word' id='word_1_184' title='bbox 836 3795 890 3833; x_wconf 80' lang='lat'>‘⁶</span> <span class='ocrx_word' id='word_1_185' title='bbox 924 3782 1092 3875; x_wconf 84' lang='lat' dir='ltr'>fuit,</span> <span class='ocrx_word' id='word_1_186' title='bbox 1140 3806 1359 3881; x_wconf 88' lang='lat' dir='ltr'>quam</span> <span class='ocrx_word' id='word_1_187' title='bbox 1404 3777 1745 3880; x_wconf 88' lang='lat' dir='ltr'>pertinaci</span> <span class='ocrx_word' id='word_1_188' title='bbox 1771 3778 2150 3854; x_wconf 86' lang='lat' dir='ltr'>certamine</span> <span class='ocrx_word' id='word_1_189' title='bbox 2185 3782 2254 3855; x_wconf 72' lang='grc' dir='ltr'>δι</span> <span class='ocrx_word' id='word_1_190' title='bbox 2280 3780 2626 3857; x_wconf 88' lang='lat' dir='ltr'>concursu</span> <span class='ocrx_word' id='word_1_191' title='bbox 2664 3782 2790 3857; x_wconf 85' lang='lat' dir='ltr'>ira·</span> 
     </span>
     <span class='ocr_line' id='line_1_27' title="bbox 836 3896 2788 3989; baseline -0.001 -11"><span class='ocrx_word' id='word_1_192' title='bbox 836 3913 889 3949; x_wconf 78' lang='lat'>‘⁶</span> <span class='ocrx_word' id='word_1_193' title='bbox 919 3924 1079 3979; x_wconf 89' lang='lat' dir='ltr'>tum</span> <span class='ocrx_word' id='word_1_194' title='bbox 1121 3922 1191 3977; x_wconf 88' lang='lat' dir='ltr'>te</span> <span class='ocrx_word' id='word_1_195' title='bbox 1234 3902 1531 3989; x_wconf 84' lang='lat' dir='ltr'>efficere,</span> <span class='ocrx_word' id='word_1_196' title='bbox 1581 3920 1664 3977; x_wconf 91' lang='lat' dir='ltr'>ut</span> <span class='ocrx_word' id='word_1_197' title='bbox 1688 3898 1967 3989; x_wconf 88' lang='lat' dir='ltr'>merito,</span> <span class='ocrx_word' id='word_1_198' title='bbox 2017 3902 2194 3974; x_wconf 83' lang='lat' dir='ltr'>ficut</span> <span class='ocrx_word' id='word_1_199' title='bbox 2239 3896 2492 3989; x_wconf 84' lang='lat' dir='ltr'>fecisti,</span> <span class='ocrx_word' id='word_1_200' title='bbox 2539 3898 2788 3977; x_wconf 76' lang='lat' dir='ltr'>invita·</span> 
     </span>
     <span class='ocr_line' id='line_1_28' title="bbox 836 4020 2786 4120; baseline -0.002 -21"><span class='ocrx_word' id='word_1_201' title='bbox 836 4035 889 4071; x_wconf 87' lang='lat'><strong>“</strong></span> <span class='ocrx_word' id='word_1_202' title='bbox 926 4045 1039 4099; x_wconf 80' lang='lat' dir='ltr'>tus</span> <span class='ocrx_word' id='word_1_203' title='bbox 1076 4023 1171 4097; x_wconf 91' lang='lat' dir='ltr'>ad</span> <span class='ocrx_word' id='word_1_204' title='bbox 1202 4046 1496 4099; x_wconf 88' lang='lat' dir='ltr'>coenam</span> <span class='ocrx_word' id='word_1_205' title='bbox 1528 4021 1924 4095; x_wconf 87' lang='lat' dir='ltr'>abnueres?</span> <span class='ocrx_word' id='word_1_206' title='bbox 2024 4023 2278 4120; x_wconf 82' lang='lat' dir='ltr'>Qum</span> <span class='ocrx_word' id='word_1_207' title='bbox 2305 4040 2544 4095; x_wconf 88' lang='lat' dir='ltr'>autem</span> <span class='ocrx_word' id='word_1_208' title='bbox 2576 4020 2786 4095; x_wconf 76' lang='lat' dir='ltr'>iratus</span> 
     </span>
     <span class='ocr_line' id='line_1_29' title="bbox 836 4140 2788 4252; baseline -0.005 -30"><span class='ocrx_word' id='word_1_209' title='bbox 836 4156 890 4193; x_wconf 89' lang='lat'><strong>“</strong></span> <span class='ocrx_word' id='word_1_210' title='bbox 919 4146 1253 4252; x_wconf 78' lang='lat' dir='ltr'>negaffes,</span> <span class='ocrx_word' id='word_1_211' title='bbox 1301 4162 1572 4231; x_wconf 83' lang='lat' dir='ltr'>utrum,</span> <span class='ocrx_word' id='word_1_212' title='bbox 1623 4160 1708 4215; x_wconf 87' lang='lat' dir='ltr'>ut</span> <span class='ocrx_word' id='word_1_213' title='bbox 1763 4140 2112 4241; x_wconf 84' lang='lat' dir='ltr'>placarem</span> <span class='ocrx_word' id='word_1_214' title='bbox 2151 4160 2248 4229; x_wconf 85' lang='lat' dir='ltr'>te,</span> <span class='ocrx_word' id='word_1_215' title='bbox 2297 4140 2536 4217; x_wconf 87' lang='lat' dir='ltr'>danda</span> <span class='ocrx_word' id='word_1_216' title='bbox 2581 4160 2788 4239; x_wconf 78' lang='lat' dir='ltr'>opera</span> 
     </span>
    </p>
   </div>
  </div>
 </body>
</html>
