3100 5359
783 750 921 825 130
1460 724 2099 797 T.1..1v11

877 900 1155 973 XLIII.
1256 899 1576 973 Praeerat
1611 895 1845 973 castris
1891 898 2009 971 M.
2033 892 2392 971 Aemilius
2422 891 2750 968 tribunus

781 1018 1128 1106 militum,
1188 1019 1306 1092 M.
1338 1016 1602 1115 Lepidi
1639 1016 1855 1106 filius,
1891 1014 2020 1115 qui
2052 1015 2208 1114 post
2235 1039 2502 1114 paucos
2534 1022 2753 1089 annos

780 1138 1105 1239 pontifex
1139 1136 1496 1212 maximus
1522 1137 1748 1213 factus
1793 1138 1914 1213 est.
2013 1138 2109 1225 Is,
2155 1162 2300 1233 qua
2324 1133 2574 1235 fugam
2609 1160 2754 1210 cer·

780 1262 997 1335 nebat
1048 1257 1363 1346 suorum,
1425 1283 1597 1333 cum
1658 1257 1997 1356 praefidio
2041 1254 2241 1331 omni
2285 1254 2608 1331 obcurrit
2621 1288 2646 1343 3
2679 1254 2754 1327 ὅτ,

780 1379 951 1453 stare
984 1379 1243 1477 prime,
1302 1376 1564 1453 deinde
1617 1377 1846 1453 redire
1895 1377 1974 1451 in
2039 1400 2385 1476 pugnam,
2429 1376 2754 1472 jubebat,

781 1523 1117 1595 pavorem
1151 1502 1215 1571 δι
1255 1521 1535 1599 turpem
1570 1497 1816 1597 fugam
1861 1497 2253 1596 increpans.
2355 1496 2609 1573 Minae
2639 1522 2758 1571 ex-

784 1617 953 1691 inde
1012 1638 1235 1706 erant,
1290 1618 1366 1693 in
1421 1616 1808 1717 perniciem
1869 1617 2066 1693 suam
2105 1644 2351 1693 caecos
2395 1642 2620 1705 ruere,
2681 1615 2756 1691 ni

785 1730 981 1812 dicto
1006 1760 1347 1835 parerent.
1450 1738 1815 1813 Postremo
1849 1740 1970 1813 dat
2003 1742 2282 1836 fignum
2308 1735 2472 1825 suiS,
2501 1758 2585 1812 ut
2617 1736 2760 1835 pri-

784 1884 941 1933 mos
1004 1854 1439 1957 fugientium
1505 1859 1826 1946 caedant,
1893 1861 2177 1934 turbam
2241 1856 2766 1957 insequentium

786 1977 968 2053 ferro
1020 1978 1097 2051 ὅτ,
1140 1978 1554 2055 vulneribus
1593 1977 1670 2051 in
1719 1978 1948 2053 hostes
1981 1976 2328 2077 redigant.
2427 1977 2581 2053 Hic
2616 1990 2765 2053 ma-

774 2099 891 2195 jor
942 2097 1157 2173 timor
1204 2096 1557 2173 minorem
1610 2096 1808 2173 vicit.
1909 2096 2237 2197 Ancipiti
2291 2097 2518 2173 coaeti
2565 2120 2768 2173 metu

788 2216 1023 2317 primo
1068 2217 1532 2293 constiterunt
1546 2251 1570 2305 3
1643 2216 1905 2293 deinde
1965 2222 2035 2293 ὅτ
2095 2216 2216 2317 ipfi
2286 2217 2646 2293 redierunt
2690 2218 2768 2293 in

788 2364 1138 2438 pugnam,
1190 2336 1267 2409 ὅτ,
1321 2336 1678 2412 Aemilius
1734 2361 1904 2413 cum
1958 2335 2084 2411 suo
2143 2338 2481 2437 praesidio
2545 2344 2772 2437 (erant

790 2482 1033 2534 autem
1066 2460 1217 2533 duo
1250 2456 1475 2533 millia
1498 2456 1816 2531 virorum
1851 2456 2176 2552 fortium)
2215 2457 2428 2533 effuse
2448 2458 2768 2557 sequenti

792 2578 943 2679 regi
976 2577 1226 2653 acriter
1246 2576 1512 2651 restitit.
1617 2580 1713 2651 Et
1747 2579 2059 2665 AttaluS,
2093 2577 2443 2653 Eumenis
2464 2578 2696 2668 frater,
2732 2606 2773 2654 a

792 2700 1046 2773 dextro
1075 2721 1325 2784 cornu,
1360 2722 1403 2770 a
1435 2722 1583 2795 quo
1611 2697 1891 2772 laevum
1921 2695 2235 2772 hostium
2260 2697 2493 2797 primo
2523 2699 2770 2799 inpetu

793 2818 1123 2917 fugatum
1159 2815 1411 2905 fuerat,
1439 2837 1519 2890 ut
1546 2818 1637 2891 ab
1671 2816 1938 2891 finistro
1967 2815 2214 2917 fugam
2241 2817 2528 2895 suorum
2553 2824 2623 2895 ὅτ
2659 2840 2772 2893 tu-

792 2941 1109 3015 multum
1142 2938 1328 3013 circa
1356 2936 1571 3012 castra
1589 2936 1774 3012 vidit
1793 2937 1871 3011 in
1900 2958 2215 3036 tempore
2239 2966 2408 3014 cum
2445 2939 2774 3015 ducentis

792 3058 1156 3161 equitibus
1208 3057 1517 3135 advenit.
1618 3056 2052 3147 Antiochus,
2105 3059 2483 3161 postquam
2521 3064 2590 3135 δε
2623 3086 2772 3148 eos,

796 3204 1111 3280 quorum
1156 3200 1353 3279 terga
1384 3179 1607 3253 modo
1654 3176 1955 3267 viderat,
2006 3200 2396 3277 repetentes
2425 3204 2776 3279 pugnam,

794 3309 865 3379 ὅτ
902 3302 1113 3377 aliam
1149 3305 1218 3376 &
1252 3326 1295 3374 a
1324 3297 1562 3375 castris
1591 3302 1660 3374 ὃς
1697 3326 1788 3373 ex
1821 3299 1973 3377 acie
2018 3301 2454 3375 adfluentem
2489 3302 2774 3375 turbam

795 3420 1190 3521 conspexit,
1250 3419 1330 3495 in
1382 3418 1630 3519 fugam
1680 3419 1893 3495 vertit
1931 3446 2230 3518 equum.
2329 3422 2438 3495 Ita
2471 3440 2776 3519 utroque

794 3568 1019 3621 cornu
1098 3541 1401 3616 victores
1472 3539 1794 3617 Romani
1857 3566 1980 3640 per
2045 3566 2330 3615 acervos
2393 3562 2781 3636 corporum

804 3669 1018 3763 (quos
1076 3662 1153 3737 in
1186 3660 1427 3738 media
1476 3661 1789 3737 maxime
1849 3660 1999 3739 acie
2035 3662 2594 3748 cumulaverant,
2643 3659 2780 3736 ubi

793 3790 864 3860 ὅτ
898 3785 1115 3858 robur
1148 3779 1678 3857 fortiflimorum
1709 3780 2051 3870 virorum,
2084 3782 2162 3853 δε
2199 3806 2391 3855 arma
2437 3778 2780 3879 gravitate

799 3904 1049 4004 fugam
1104 3900 1580 4000 inpedierant)
1647 3923 1956 4001 pergunt
1987 3903 2079 3976 ad
2105 3900 2322 3976 castra
2353 3900 2778 4000 diripienda.

800 4022 1102 4123 Equites
1136 4019 1351 4120 primi
1386 4021 1718 4097 omnium
1759 4020 2130 4110 Eumenis,
2167 4022 2430 4099 deinde
2483 4026 2552 4095 &
2598 4019 2780 4097 alius

796 4143 1154 4246 equitatus
1188 4164 1341 4219 toto
1371 4144 1617 4243 paffim
1643 4166 1902 4240 campo
1933 4139 2325 4243 sequuntur
2365 4140 2672 4231 hostem,
2705 4146 2780 4217 &
