3100 5359
848 725 923 798 L
975 749 1002 798 1
1063 751 1106 799 Β
1165 751 1210 800 Ε
1267 749 1316 800 R
1418 725 1812 800 XXXVII.
2198 747 2325 814 141

353 900 584 980 millia
603 898 882 978 socium
907 901 1154 977 Latini
1189 901 1528 991 nominis»,
1584 905 1653 975 δι
1686 897 1983 974 ducenti
2032 897 2333 995 equites.

353 1026 556 1100 Cum
601 1022 718 1098 his
775 1021 1282 1122 supplementis
1323 1043 1410 1098 ut
1462 1022 1761 1122 lingulas
1803 1018 2120 1119 legiones
2152 1020 2336 1094 duae

357 1141 756 1244 Hispaniae
799 1145 1160 1220 haberent.
1261 1143 1524 1218 Prioris
1566 1140 1737 1217 anni
1791 1138 2337 1240 magistratibus,

353 1267 452 1342 C.
481 1263 735 1340 Laelio
761 1290 934 1340 cum
966 1263 1097 1340 suo
1123 1263 1441 1340 exercitu
1471 1283 1933 1364 prorogatum
1968 1261 2045 1336 in
2068 1285 2341 1336 annum

359 1383 750 1484 imperium
789 1385 912 1460 est.
1011 1388 1486 1486 Prorogatutn
1531 1384 1609 1456 δε
1636 1387 1719 1460 Ρ.
1752 1382 1981 1480 Junio
2018 1405 2342 1481 proprae-

361 1506 504 1582 tori
535 1507 612 1582 in
645 1505 932 1581 Etruria
975 1531 1144 1582 curn
1179 1533 1269 1580 eo
1299 1502 1644 1594 exercitu,
1696 1504 1827 1604 qui
1860 1504 1935 1579 in
1978 1500 2350 1602 provincia

363 1629 538 1704 effet
550 1660 578 1714 3
662 1627 740 1699 &
785 1629 903 1701 Μ.
965 1626 1254 1702 Tuccio
1298 1625 1733 1726 propraetori
1808 1625 1885 1700 in
1934 1623 2227 1724 Bruttiis
2279 1629 2347 1702 δι

368 1747 672 1850 Apulia.

470 1871 604 1945 LI.
703 1868 1126 1968 Priusquam
1179 1869 1256 1943 in
1301 1868 1697 1967 provincias
1747 1889 2095 1968 praetores
2140 1865 2348 1957 irent,

369 2013 728 2068 certamen
757 1990 942 2065 inter
972 1992 1054 2064 P.
1093 1989 1468 2065 Licinium
1495 1989 1915 2088 pontificem
1949 1988 2352 2064 maximum

371 2111 516 2188 fuit
559 2115 632 2184 ἃς
674 2115 787 2211 Q
827 2110 1138 2186 Fabium
1189 2110 1548 2185 Pictorem
1608 2110 1973 2186 flaminem
2016 2109 2352 2211 Qirina·

371 2233 552 2319 lem,
581 2234 794 2329 quale
817 2254 1100 2330 patrum
1133 2230 1478 2305 memoria
1509 2231 1693 2306 inter
1728 2234 1819 2307 L.
1856 2231 2247 2305 Metellum
2280 2234 2351 2303 &

378 2351 836 2428 Postumium
859 2351 1216 2428 Albinum
1237 2349 1486 2426 ἦκται.
1525 2351 1911 2427 Consulem
1930 2350 2163 2440 illum,
2186 2375 2359 2425 cum

375 2477 470 2550 C.
503 2472 806 2549 Lutatio
837 2475 1114 2573 collega
1147 2472 1224 2547 in
1257 2471 1575 2548 Siciliam
1606 2474 1697 2547 ad
1731 2475 2011 2549 claffem
2045 2467 2361 2569 proficis-

387 2615 703 2682 centem,
781 2595 874 2668 ad
943 2593 1126 2668 sacra
1181 2592 1561 2668 retinuerat
1626 2595 1971 2669 Metellus
2032 2590 2361 2693 pontifex

381 2714 783 2803 maxima->3
893 2735 1287 2814 praetorem
1365 2717 1592 2803 hunc,
1670 2741 1761 2790 ne
1828 2715 1905 2789 in
1963 2712 2362 2790 Sardiniam

379 2833 968 2937 proficisceretur,
1023 2839 1108 2910 P.
1141 2834 1474 2910 Licinius
1501 2835 1758 2911 tenuit.
1862 2839 1959 2910 Et
1990 2833 2067 2908 in
2094 2833 2363 2922 senatu,

379 2959 466 3032 δῖ.
511 2959 610 3032 ad
645 2958 1002 3056 populum
1047 2955 1324 3056 magnis
1385 2955 1967 3033 contentionibus
2018 2975 2365 3030 certatum

365 3079 522 3167 cst3
575 3083 644 3153 δι
677 3075 976 3176 imperia
1001 3075 1307 3152 inhibita
1329 3077 1522 3169 ultro
1554 3077 1903 3178 citroque,
1956 3077 2037 3149 δε
2069 3074 2370 3174 pignora

387 3219 624 3298 capta,
687 3201 759 3273 δε
803 3199 1074 3272 multae
1117 3197 1375 3286 dietae,
1433 3202 1504 3273 ὅτ
1547 3197 1820 3273 tribuni
1873 3195 2232 3296 adpellati,
2296 3200 2365 3271 ἃ

387 3338 858 3420 provocatum
890 3319 982 3392 ad
1016 3319 1371 3417 populum
1418 3319 1538 3393 est.
1642 3317 1937 3418 Religio
1980 3318 2072 3391 ad
2108 3315 2369 3415 postre-

387 3465 602 3516 mum
629 3437 836 3527 vicit,
869 3458 955 3512 ut
979 3438 1179 3513 dieto
1206 3439 1506 3514 audiens
1527 3441 1694 3514 effet
1720 3441 1981 3514 flamen
2001 3437 2329 3539 pontifici
2344 3474 2367 3528 ;

395 3565 470 3636 δε
495 3561 764 3636 multae
793 3585 884 3633 ex
897 3559 1088 3656 juffu
1116 3557 1370 3659 populi
1389 3559 1725 3636 remiffae.
1825 3563 1935 3634 Ira
1966 3560 2373 3660 provinciae

393 3701 676 3781 ereptae
693 3701 1082 3780 praetorem
1103 3679 1514 3780 magistratu
1538 3679 1865 3761 abdicare
1890 3680 1959 3756 se
1992 3701 2371 3757 conantem

395 3806 644 3878 Patres
657 3800 1071 3878 auetoritate
1093 3799 1213 3875 sua
1246 3802 1773 3876 deterruerunt:
1810 3806 1907 3891 ac,
1940 3823 2021 3877 ut
2041 3803 2163 3900 jus
2194 3802 2376 3879 inter

395 3922 809 4026 peregrinos
849 3921 1142 4011 diceret,
1197 3923 1684 3998 decreverunt.
1786 3923 2208 4000 Delefflbus
2247 3925 2371 3999 de-

397 4045 576 4120 inde
617 4043 802 4120 intra
842 4069 1112 4142 paucos
1145 4040 1298 4117 dies
1337 4047 1606 4141 (neque
1641 4041 1834 4118 enim
1869 4043 2083 4120 multi
2114 4043 2376 4120 milites

395 4164 690 4266 legendi
741 4163 966 4260 erant)
1033 4161 1382 4263 perfectis,
1429 4162 1751 4240 consules
1780 4164 2265 4265 praetoresque
2297 4164 2375 4242 in
