3100 5359
784 684 882 773 64
1416 680 2021 754 T.L1v11

776 855 980 929 fimul
1011 874 1440 929 armamenta
1465 880 1924 954 componenS,
1975 853 2341 955 opperitur
2368 854 2743 956 insequen-

777 995 880 1050 tes
931 998 1164 1049 naves.
1261 975 1426 1068 Jam
1477 972 1699 1049 ferme
1751 974 2039 1075 triginta
2092 976 2167 1051 in
2218 975 2455 1051 fronte
2508 998 2745 1067 erant3

779 1093 1043 1193 quibus
1078 1116 1158 1169 ut
1189 1116 1520 1193 aequaret
1541 1097 1826 1171 laevum
1860 1121 2111 1184 cornu,
2141 1096 2529 1172 dolonibus
2553 1124 2745 1173 erec-

775 1214 866 1291 tis
896 1216 1120 1289 altum
1148 1236 1380 1313 petere
1415 1213 1761 1289 intendit:
1802 1216 2025 1311 juffis,
2077 1215 2207 1313 qui
2240 1215 2742 1317 sequebantur,

777 1332 1101 1410 adversus
1139 1336 1470 1409 dextrum
1513 1361 1730 1411 cornu
1768 1362 1989 1435 prope
2022 1356 2274 1411 terram
2308 1362 2545 1434 proras
2571 1338 2744 1413 diri-

779 1478 964 1555 gere.
1064 1458 1423 1529 Eumenes
1476 1482 1733 1554 agmen
1786 1459 2109 1555 cogebat.
2220 1457 2589 1545 Ceterum,
2658 1478 2749 1533 ut

779 1574 1149 1651 demendis
1199 1574 1649 1649 armamentis
1702 1575 2123 1651 tumultuari
2168 1576 2486 1673 primum
2531 1604 2745 1677 coep-

669 1722 679 1731 ·
779 1716 937 1771 tum
970 1695 1093 1784 est,
1145 1700 1212 1770 δι
1247 1692 1419 1793 ipse,
1472 1714 1739 1791 quanta
1764 1694 2075 1769 maxima
2106 1696 2455 1773 celeritate
2488 1698 2745 1795 potest,

777 1814 1086 1892 concitat
1119 1841 1348 1889 naves.
1447 1817 1613 1911 Jam
1641 1815 1979 1890 omnibus
2000 1814 2077 1888 in
2106 1815 2484 1914 conspectu
2508 1838 2741 1891 erant:

776 1936 959 2011 duae
992 1934 1304 2010 Punicae
1337 1960 1546 2009 naves
1580 1937 2089 2011 antecedebant
2124 1938 2528 2011 Romanam
2574 1937 2744 2012 clas-

775 2053 946 2143 sem,
981 2054 1246 2155 quibus
1278 2054 1530 2130 obviae
1564 2074 1699 2129 tres
1728 2056 2015 2129 fuerunt
2045 2055 2273 2155 regiae
2309 2081 2541 2132 naves.
2644 2060 2757 2133 Ee

775 2194 862 2251 ut
904 2174 980 2249 in
1033 2200 1334 2250 numero
1381 2173 1634 2275 inpari,
1687 2176 1871 2249 duae
1919 2174 2147 2275 regiae
2180 2202 2397 2250 unam
2432 2176 2743 2251 circum-

777 2294 1057 2370 sistunt:
1110 2300 1177 2370 δι
1214 2294 1528 2394 primum
1554 2297 1644 2369 ab
1668 2282 1991 2395 utroque‘
2010 2297 2220 2371 latere
2256 2322 2483 2371 remos
2510 2298 2746 2371 deter-

774 2436 997 2514 gunt=
1069 2413 1332 2490 deinde
1381 2413 1883 2489 transcendunt
1937 2414 2209 2503 armati,
2282 2419 2379 2504 &,
2450 2415 2745 2513 dejectis

775 2532 1120 2631 caefisque
1139 2532 1808 2635 propugnatoribuS,
1840 2560 2092 2609 navem
2119 2535 2439 2634 capiunt.
2540 2538 2741 2627 Una,
2834 2628 2849 2639 .

779 2680 962 2752 quae
1016 2653 1330 2753 compari
1376 2657 1612 2729 Marte
1646 2674 2115 2743 concurrerat,
2164 2655 2543 2754 postquam
2572 2680 2743 2753 cap-

777 2794 919 2849 tam
950 2776 1236 2849 alteram
1265 2801 1516 2851 navem
1535 2773 1747 2862 vidit,
1781 2772 2189 2871 priusquam
2216 2801 2257 2849 a
2288 2773 2515 2850 tribus
2535 2777 2745 2850 fimul

775 2893 1430 2983 circumveniretur,
1459 2913 1640 2970 retro
1660 2894 1750 2969 ad
1770 2894 2050 2969 claffem
2072 2892 2354 2993 refugit.
2454 2894 2739 2986 LiviuS,

779 3013 1268 3115 indignatione
1327 3013 1683 3101 accensus,
1756 3012 2099 3112 praetoria
2150 3039 2325 3088 nave
2381 3012 2458 3088 in
2506 3016 2744 3091 hostes

779 3134 1028 3211 tendit.
1129 3132 1487 3209 Adversus
1543 3157 1762 3234 quam
1815 3133 2060 3207 eadem
2122 3132 2240 3233 spe
2292 3136 2503 3223 duae,
2556 3162 2741 3234 quae

774 3254 1125 3331 Punicam
1158 3280 1377 3331 unam
1405 3278 1659 3327 navem
1692 3251 2325 3343 circumvenerant,
2376 3278 2607 3351 quum
2628 3254 2739 3331 in-

774 3372 1141 3464 ferrentur,
1191 3373 1561 3449 demittere
1614 3371 1690 3447 in
1734 3398 1993 3472 aquam
2038 3398 2267 3448 remos
2299 3377 2389 3450 ab
2429 3394 2740 3473 utroque

776 3496 987 3569 latere
1015 3494 1314 3593 remiges
1340 3491 1793 3568 stabiliendae
1826 3490 2021 3567 navis
2049 3495 2278 3567 cauffa
2297 3494 2518 3591 juffit,
2554 3500 2623 3569 &
2658 3495 2739 3569 in

774 3614 1226 3691 advenientes
1257 3612 1569 3687 hostium
1604 3636 1811 3686 naves
1845 3610 2090 3688 ferreas
2134 3639 2392 3689 manus
2420 3613 2735 3715 injicere,

774 3733 878 3821 &,
927 3732 1056 3809 ubi
1089 3758 1404 3835 pugnam
1439 3730 1739 3831 pedestri
1782 3731 2075 3806 fimilem
2126 3716 2449 3822 fecisset:
2474 3735 2736 3811 memi-

775 3852 944 3929 niffe
971 3856 1340 3929 Romanae
1373 3850 1677 3942 virtutis,
1727 3878 1859 3927 nec
1890 3878 2017 3951 pro
2048 3850 2215 3927 viris
2248 3855 2508 3930 ducere
2542 3855 2735 3955 regia

777 3972 1154 4072 mancipia.
1252 3974 1484 4047 Haud
1509 3974 1749 4072 paullo
1773 3970 2076 4061 facilius,
2109 3998 2329 4071 quam
2354 3996 2515 4050 ante
2548 3976 2737 4051 duae

777 4120 1026 4185 unani,
1059 4113 1234 4171 tunc
1257 4118 1404 4169 una
1434 4094 1611 4168 duas
1644 4118 1853 4169 naves
1884 4092 2345 4195 expugnavit,
2380 4094 2735 4198 cepitque.
