3100 5359
779 705 910 780 372
1427 679 2059 774 T.Lrv11

772 851 850 926 in
882 854 1135 928 urbem
1167 871 1526 950 penetrat3
1577 849 1943 948 animique
1976 845 2427 947 aliquantum
2460 848 2553 922 ad
2580 873 2729 924 om·

771 971 892 1046 nia
923 972 1252 1046 audenda
1283 975 1349 1044 &
1383 968 1526 1067 spei
1561 968 1833 1044 obseffis
1866 967 2165 1065 adjecit3
2202 972 2299 1056 ὅτ,
2334 968 2537 1042 fimul
2562 992 2729 1042 con·

773 1091 1013 1166 stituta
1055 1115 1202 1164 nox
1233 1087 1454 1176 venit,
1506 1115 1597 1162 ex
1642 1093 2029 1187 compofito
2062 1109 2346 1184 repente
2390 1113 2605 1186 opera
2634 1087 2733 1162 est

775 1212 1150 1310 adgreffus.
1249 1211 1336 1284 Id
1397 1209 1765 1307 inceptum
1827 1227 2115 1295 conatu,
2178 1233 2397 1305 quam
2450 1208 2733 1295 effectu,

775 1329 1052 1431 gravius
1087 1329 1251 1418 fuit,
1304 1327 1477 1427 quia
1507 1331 1705 1404 nulla
1734 1331 1825 1404 ab
1868 1326 2208 1405 exteriore
2241 1348 2433 1425 parte
2466 1326 2575 1404 vis
2614 1329 2735 1402 ad-

773 1471 968 1526 mota
1000 1450 1098 1524 est
1113 1483 1136 1538 3
1196 1446 1313 1523 seu
1343 1470 1541 1523 metu
1585 1447 1915 1524 deterrito
1941 1468 2253 1546 praetore
2282 1450 2735 1536 Aetolorum,

775 1568 891 1644 seu
915 1569 1086 1668 quia
1103 1567 1343 1668 potius
1367 1567 1597 1644 visum
1617 1567 1742 1655 est,
1777 1566 2281 1666 Amphilochis
2314 1594 2528 1666 opem
2562 1566 2745 1644 ferre

727 1797 733 1803 ο
777 1711 1002 1788 nuper
1033 1686 1328 1787 receptis
1349 1721 1373 1776 3
1427 1713 1609 1786 quos
1645 1687 1929 1764 Perseus
1959 1687 2274 1788 Philippi
2308 1688 2523 1777 filius,
2577 1686 2740 1764 mis·

777 1807 888 1886 sus
937 1809 1030 1884 ad
1068 1809 1460 1906 Dolopiam
1532 1807 2194 1908 Amphilochosque
2269 1808 2739 1908 recipiendos,

777 1927 1052 2006 summa
1080 1929 1154 2004 vi
1180 1930 1665 2028 obpugnabat.

878 2051 1006 2124 VI.
1043 2047 1310 2126 Tribus
1343 2046 1542 2136 locis,
1576 2051 1749 2124 ficut
1776 2067 1937 2124 ante
1969 2047 2245 2124 dictum
2276 2049 2403 2136 est,
2450 2050 2545 2125 ad
2570 2051 2739 2147 Pyr-

781 2173 1032 2248 rheum
1054 2195 1269 2269 opera
1292 2172 1623 2246 Romana
1644 2190 1869 2244 erant:
1899 2193 2079 2266 quae
2100 2167 2343 2244 omnia
2360 2170 2593 2258 simul,
2621 2167 2739 2246 sed

781 2316 914 2368 nec
966 2291 1329 2388 adparatu,
1381 2315 1512 2364 nec
1543 2289 1619 2364 vi
1664 2287 1894 2376 fimili,
1946 2287 2186 2364 Aetoli
2219 2290 2511 2389 adgrefli
2556 2287 2736 2366 sunt.

781 2408 934 2486 Alii
961 2436 1132 2486 cum
1157 2409 1569 2486 ardentibus
1608 2408 1907 2496 facibus,
1957 2407 2077 2484 alii
2102 2407 2430 2507 stuppam
2474 2409 2739 2510 picem-

782 2555 926 2628 que
953 2533 1022 2606 &
1055 2531 1418 2608 malleolos
1445 2531 1767 2618 ferentes,
1818 2549 1967 2604 tota
1998 2532 2417 2604 conlucente
2440 2529 2741 2604 flammis

782 2647 957 2737 acie,
1021 2649 1391 2726 advenere.
1493 2650 1777 2727 Multos
1822 2647 2057 2745 primo
2110 2646 2354 2747 inpetu
2418 2650 2741 2726 custodes

785 2771 1288 2866 obprefferunt.
1391 2767 1703 2856 Deinde,
1756 2767 2133 2866 postquam
2178 2771 2445 2846 clamor
2476 2772 2739 2846 tumul·

787 2887 1039 2986 tusque
1092 2888 1169 2965 in
1203 2886 1418 2964 castra
1446 2889 1546 2964 est
1578 2889 1907 2988 perlatus»,
1960 2889 2357 2988 datumque
2388 2917 2428 2966 a
2462 2889 2745 2966 consule

785 3009 1094 3107 (ignum,
1129 3033 1319 3086 arma
1350 3007 1671 3107 capiunt,
1706 3013 1775 3086 &
1807 3008 2143 3088 omnibus
2164 3010 2380 3106 portis
2406 3011 2499 3084 ad
2532 3035 2743 3107 opem

786 3127 1150 3206 ferendam
1183 3130 1671 3206 effimduntur.
1744 3131 1919 3204 Uno
1944 3128 2021 3202 in
2040 3131 2201 3206 loco
2232 3127 2412 3206 ferro
2446 3130 2745 3230 ignique

787 3247 976 3348 gesta
1032 3275 1138 3326 res
1195 3249 1320 3324 est.
1419 3254 1490 3324 A
1547 3250 1836 3324 duobus
1905 3247 2101 3324 irrito
2152 3247 2465 3349 incepto,
2514 3275 2745 3350 quum

789 3371 1152 3448 tentaffent
1217 3368 1470 3468 magis,
1521 3393 1741 3466 quam
1803 3367 2108 3458 inissent,
2158 3391 2539 3459 certamen,
2604 3375 2745 3446 Ae-

791 3487 918 3565 toli
943 3487 1431 3566 abscesserunt.
1533 3493 1766 3564 Atrox
1800 3514 2043 3590 pugna
2080 3488 2159 3563 in
2188 3515 2421 3566 unum
2454 3490 2749 3568 inclina-

789 3629 978 3686 verat
1001 3609 1268 3686 locum.
1367 3607 1480 3686 Ibi
1513 3606 1791 3684 diverfis
1827 3609 2142 3707 partibus
2172 3611 2321 3684 duo
2341 3612 2562 3687 duces
2596 3613 2749 3688 Eu-

789 3728 1114 3826 polemus
1139 3731 1209 3802 &
1235 3726 1687 3804 Nicodamus
1715 3752 2111 3829 pugnantes
2142 3731 2623 3820 hortabantur,
2672 3732 2751 3808 δι

789 3871 1009 3946 prope
1043 3867 1234 3924 certa
1251 3847 1587 3926 fovebant
1616 3847 1760 3948 spe,
1779 3850 1933 3946 jam
1953 3849 2403 3926 Nicandrum
2430 3879 2521 3928 ex
2555 3879 2751 3930 com-

794 3968 1020 4064 pofito
1043 3965 1308 4054 adfore,
1357 3970 1426 4044 δι
1459 3989 1655 4070 terga
1676 3968 1989 4044 hostium
2016 3970 2443 4048 invasurum.
2542 3973 2751 4050 Haec

796 4113 904 4164 res
975 4085 1418 4187 aliquamdiu
1496 4089 1775 4168 animos
1862 4090 2341 4190 pugnantium
2407 4091 2755 4170 sustinuit.
