3100 5359
761 620 904 696 312
1445 597 2075 677 T-Lrvtr

757 815 884 890 pes
943 787 1388 866 interficeret.
1487 791 1617 866 Ille
1666 817 1795 890 per
1837 792 2277 868 Casandrum
2312 797 2735 890 quemdam,

755 937 992 988 unum
1025 936 1116 986 ex
1160 908 1370 1010 regiis
1417 910 1569 1006 jam
1633 911 1760 986 diu
1822 911 2261 988 habitantem
2318 915 2737 1008 Maroneae,

755 1033 964 1108 noc'te
995 1029 1398 1106 Thracibus
1433 1029 1860 1120 intromiffis,
1914 1033 2115 1107 velut
2162 1033 2243 1106 in
2292 1035 2483 1109 bello
2526 1058 2737 1134 capta

757 1155 964 1240 urbe,
1019 1151 1308 1226 caedem
1357 1149 1546 1225 fecit.
1650 1151 1738 1225 Id
1788 1153 1985 1250 apud
2036 1153 2407 1229 Romanos
2458 1155 2734 1254 legatos

755 1291 1128 1370 querentes
1159 1291 1305 1346 tam
1339 1270 1725 1345 crudeliter
1754 1269 2079 1346 adversus
2116 1271 2448 1349 innoxios
2482 1275 2729 1350 Maro·

755 1391 964 1480 nitas,
1013 1411 1160 1466 tam
1199 1389 1490 1490 superbe
1543 1389 1871 1465 adversus
1916 1393 2269 1490 populum
2304 1395 2729 1472 Romanum

757 1511 1053 1600 fufium,
1075 1529 1185 1600 ut,
1207 1509 1478 1609 quibus
1495 1507 1891 1586 libertatem
1918 1509 2421 1587 restituendam
2449 1513 2733 1590 senatus

751 1631 1142 1720 censuiffet‚
1177 1628 1230 1703 ii
1259 1653 1390 1726 pro
1419 1628 1739 1704 hostibus
1764 1629 2306 1720 trucidarentur,
2332 1636 2722 1724 abnuebat,

749 1761 808 1798 ‘⁸
839 1749 1242 1850 quidquam
1272 1775 1520 1824 eorum
1556 1751 1647 1824 ad
1682 1747 1774 1837 se,
1808 1769 1931 1823 aut
1956 1773 2401 1848 quemquam
2426 1751 2721 1828 suorum

751 1883 806 1916 “
841 1869 1212 1970 pertinere.
1329 1868 1693 1944 Seditione
1758 1867 1941 1943 inter
2006 1867 2191 1966 ipsos
2254 1869 2721 1962 dimicatum,

753 2003 808 2038 ‘⁶
845 2017 1072 2090 quum
1105 1988 1226 2066 alii
1251 1990 1342 2063 ad
1373 1987 1467 2078 se,
1500 1988 1619 2064 alii
1646 1989 1737 2063 ad
1767 1991 2169 2064 Eumenem
2196 1987 2555 2066 civitatem
2586 2013 2719 2067 tra·

747 2121 800 2158 “
835 2115 1104 2186 herent.
1203 2112 1292 2184 Id
1321 2107 1524 2184 facile
1560 2107 1853 2184 scituros
1902 2111 2065 2182 effe.
2164 2111 2715 2186 Percunc'taren-

745 2243 800 2278 “
831 2251 951 2307 tur
1007 2229 1192 2329 ipsos
1247 2227 1737 2304 Maronitas?
1786 2229 1979 2303 haud
2034 2226 2329 2316 dubius»,
2382 2233 2719 2328 perculfis

741 2351 1077 2428 omnibus
1136 2371 1389 2426 terrore
1447 2367 1595 2422 tam
1656 2347 1955 2424 recentis
2004 2348 2269 2437 caedis,
2341 2349 2710 2430 neminem

739 2472 1002 2552 hiscere
1059 2467 1384 2545 adversus
1449 2466 1517 2542 se
1582 2466 1941 2544 ausurum.
2040 2469 2325 2568 Negare
2389 2470 2711 2570 Appius»,

741 2603 798 2639 ⁸⁸
831 2593 1024 2666 Rem
1057 2587 1460 2664 evidentem
1490 2611 1619 2685 pro
1652 2585 1875 2662 dubia
1900 2589 2403 2686 quaerendam.
2502 2589 2579 2664 Si
2614 2593 2709 2666 ab

739 2723 792 2760 “
827 2709 894 2786 se
943 2709 1230 2804 culpam
1263 2731 1620 2780 removere
1652 2707 1891 2793 vellet,
1950 2707 2425 2782 Onomastum
2460 2709 2533 2780 &
2568 2712 2709 2785 Ca-

737 2841 792 2880 “
822 2829 1184 2915 sandrum,
1229 2852 1355 2926 per
1387 2852 1569 2924 quos
1602 2827 1755 2900 aeta
1803 2852 1911 2901 res
1960 2825 2341 2916 diceretur,
2394 2829 2708 2906 mitteret

735 2959 791 2998 ¹⁶
825 2953 1172 3035 Romam,
1249 2966 1334 3020 ut
1393 2972 1516 3020 eos
1578 2944 1852 3020 senatus
1914 2944 2347 3044 percunctari
2412 2949 2711 3044 pofl‘et.''

735 3071 981 3148 Primo
1011 3069 1192 3142 adeo
1223 3064 1661 3164 perturbavit
1692 3090 1775 3138 ea
1804 3089 1949 3139 vox
1982 3091 2249 3164 regem,
2282 3086 2367 3141 ut
2398 3093 2545 3142 non
2578 3093 2702 3144 co-

735 3195 871 3280 lor,
923 3215 1069 3264 non
1125 3187 1366 3262 vultus
1415 3182 1480 3258 ei
1539 3183 1905 3258 constaret.
2004 3183 2317 3272 Deinde,
2376 3187 2707 3262 conlecto

735 3313 1020 3388 tandem
1049 3305 1316 3392 anim0,
1366 3314 1416 3348 ‘⁶
1448 3301 1911 3392 Casandrum,
1946 3302 2075 3401 qui
2110 3306 2495 3380 Maroneae
2530 3303 2703 3380 fuis·

735 3443 790 3478 ‘⁸
825 3430 949 3518 set,
977 3431 1022 3502 fi
1049 3424 1304 3523 utique
1337 3423 1629 3511 vellent,
1660 3421 1728 3498 se
1754 3423 2168 3498 rniffurum”
2190 3423 2396 3498 dixit.
2496 3435 2547 3468 “
2572 3425 2701 3502 Ad

735 3561 790 3600 ‘⁸
823 3545 1295 3625 Onomastum
1350 3541 1653 3640 quidem
1700 3543 1883 3641 quid
1926 3569 2081 3618 eam
2128 3569 2275 3618 rem
2322 3543 2701 3643 pertinere,

738 3682 793 3717 ‘⁸
827 3667 958 3769 qui
1005 3691 1152 3742 non
1207 3664 1432 3739 modo
1493 3661 1901 3750 Maroneae,
1970 3662 2087 3736 sed
2136 3689 2226 3738 ne
2278 3663 2355 3738 in
2408 3663 2703 3763 regione

736 3801 788 3837 “
825 3787 1124 3890 quidem
1169 3781 1573 3884 propinqua
1624 3779 1857 3856 fuiffet
1880 3785 1955 3856 ?”
2054 3785 2149 3857 Et
2182 3787 2507 3882 parcebat
2546 3809 2697 3858 ma-

735 3909 846 4012 gis
875 3903 1294 3992 Onomasto,
1339 3900 1769 3976 honoratiori
1800 3901 2058 3991 amice,
2110 3907 2179 3977 δε
2213 3906 2551 3978 eumdem
2586 3903 2695 3977 in-

739 4029 978 4114 dicem
1010 4024 1202 4100 haud
1235 4022 1476 4124 paullo
1505 4021 1669 4120 plus
1700 4018 2033 4112 timebat3
2084 4024 2256 4121 quia
2282 4027 2353 4099 &
2388 4019 2533 4122 ipse
2560 4021 2691 4110 ser,
