3100 5359
814 725 893 802 L
946 751 977 802 1
1038 753 1080 802 n
1136 753 1183 803 n
1237 751 1285 802 n
1389 729 1742 803 XXXVI.
2159 732 2244 804 61

286 911 565 994 bantur,
618 902 935 980 Siciliam
988 903 1156 979 inde
1209 903 1420 1002 petit:
1472 903 1796 1003 fretoque
1858 905 2256 980 Meffanam

286 1028 821 1128 praetervectus,
873 1049 1105 1124 quum
1139 1023 1257 1099 sex
1290 1023 1594 1098 Punicas
1647 1049 1854 1098 naves
1879 1024 1969 1098 ad
1997 1023 2256 1099 auxili·-

287 1173 413 1222 um
446 1145 685 1222 miffas
728 1143 1124 1242 accepisset,
1185 1147 1279 1218 ab
1323 1142 1678 1243 Rheginis
1729 1143 2121 1241 Locrisque
2179 1145 2274 1217 &-

288 1266 603 1364 ejusdem
624 1263 805 1362 juris
834 1263 1035 1338 sociis
1062 1263 1335 1339 debitas
1356 1265 1688 1365 exegiss'et
1707 1291 1942 1353 naveS,
1977 1266 2258 1342 lustrata

289 1387 491 1462 elaffe
562 1386 657 1460 ad
726 1382 1141 1473 Lacinium,
1226 1385 1451 1459 altum
1516 1383 1717 1482 petit.
1847 1388 2258 1485 Corcyram,

286 1533 509 1606 quam
560 1493 863 1605 primam
916 1502 1257 1580 Graeciae
1315 1503 1714 1579 civitatium
1773 1506 1976 1595 adiit,
2025 1531 2257 1605 quum

288 1627 609 1714 venifl'et,
679 1627 1175 1723 percunctatus
1242 1625 1334 1698 de
1398 1625 1576 1699 statu
1613 1625 1809 1714 belli,
1908 1627 2255 1726 (necdum

290 1746 487 1821 enim
530 1744 777 1820 omnia
832 1743 911 1819 in
967 1745 1265 1819 Graecia
1315 1764 1684 1844 perpacata
1725 1747 1950 1842 erant)
2007 1753 2076 1823 ὅτ
2125 1747 2260 1823 ubi

292 1868 511 1941 claffis
581 1868 917 1940 Romana
980 1867 1171 1954 effer,
1252 1863 1630 1963 postquam
1691 1865 1993 1957 audivit,
2077 1867 2264 1944 circa

292 1986 945 2084 Thermopylarum
1005 1983 1257 2059 saltum
1310 1983 1385 2058 in
1438 1985 1730 2061 statione
1762 1987 2122 2063 consulem
2179 2009 2262 2064 ac

296 2131 539 2207 regem
606 2107 767 2193 effe,
844 2105 1120 2180 class'em
1187 2104 1451 2180 Piraeei
1510 2105 1708 2194 stare,
1763 2110 2268 2183 maturandum

294 2249 485 2301 ratus
518 2228 849 2300 omniurn
886 2251 1120 2299 rerum
1154 2225 1408 2313 caussa,
1459 2225 1690 2324 pergit
1722 2227 2043 2325 protinus
2070 2227 2262 2302 navi-

302 2373 465 2448 gare
492 2344 1083 2445 Peloponnesum.
1142 2347 1394 2420 Samen
1430 2347 2058 2444 Zacynthumque,
2101 2347 2274 2447 quia

294 2465 507 2567 partis
529 2468 951 2542 Aetolorum
988 2467 1379 2541 maluerant
1403 2469 1563 2555 effe,
1598 2466 1916 2565 protinus
1937 2468 2261 2567 depopu-

300 2590 509 2677 latus,
545 2588 866 2662 Maleam
892 2585 1100 2685 petit=
1132 2590 1227 2675 ac,
1264 2585 1584 2685 prospera
1610 2586 2054 2688 navigatione
2073 2586 2264 2678 usus,

302 2707 549 2806 paucis
584 2705 843 2782 diebus
874 2706 1245 2781 Piraeeum
1301 2707 1397 2780 ad
1440 2726 1746 2782 veterem
1789 2709 2066 2783 claffem
2111 2734 2265 2807 per-

304 2827 526 2906 venit.
629 2829 753 2903 Ad
786 2828 1185 2925 Scyllaeum
1232 2828 1592 2902 Eumenes
1649 2853 1774 2903 rex
1809 2853 1982 2902 cum
2041 2828 2268 2905 tribus

303 2947 611 3026 navibus
680 2945 1001 3022 obcurrit
1021 2979 1047 3034 3
1110 2971 1341 3044 quum
1393 2948 1713 3047 Aeginae
1768 2948 1896 3022 diu
1963 2947 2268 3024 incertus

300 3066 567 3146 consilii
602 3065 863 3154 fuifl'et,
894 3085 1139 3141 utrum
1166 3068 1255 3141 ad
1278 3069 1630 3142 tuendum
1663 3067 1918 3144 rediret
1938 3093 2266 3169 regnum,

304 3187 677 3287 (audiebat
726 3185 921 3261 enim
964 3185 1411 3262 Antiochum
1448 3190 1703 3286 Ephefi
1739 3190 2012 3264 navales
2038 3189 2271 3264 terres-

300 3306 579 3408 tresque
627 3331 863 3406 parare
905 3306 1171 3408 copias)
1228 3334 1320 3381 an
1364 3306 1716 3406 nusquam
1757 3307 2154 3386 abscederet
2184 3315 2274 3386 ab

302 3425 689 3516 Romanis,
740 3453 833 3502 ex
878 3451 1188 3524 quorum
1241 3426 1525 3502 fortuna
1569 3427 1688 3504 sua
1739 3431 2098 3527 penderet.
2199 3437 2270 3506 A

302 3548 599 3626 Piraeeo
625 3553 721 3623 A.
771 3546 1064 3635 Atilius,
1114 3545 1386 3622 traditis
1434 3546 1798 3623 succeffori
1843 3549 2167 3648 quinque
2205 3557 2274 3628 &

300 3668 561 3770 viginti
598 3667 897 3742 navibus
932 3666 1159 3757 tectis,
1209 3670 1523 3743 Romam
1545 3667 1644 3742 est
1674 3666 2051 3767 profectus.
2152 3671 2275 3745 Li-

300 3791 460 3868 vius
522 3813 669 3863 una
716 3793 787 3862 ὅτ
840 3787 1205 3887 octoginta
1267 3775 1566 3862 rostratis
1615 3787 1940 3876 navibus,
2027 3788 2269 3866 multis

304 3932 665 4012 praeterea
697 3906 1122 3996 minoribus,
1172 3933 1353 4007 quae
1404 3928 1533 3982 aut
1595 3928 1869 4005 apertae
1923 3908 2267 3999 rostratae,

305 4036 605 4116 autfine
640 4025 873 4106 rostris
900 4026 1401 4136 speculatoriae
1428 4026 1648 4116 erant,
1681 4028 1952 4104 Delum
1985 4029 2271 4126 trajecit.
