3100 5359
823 774 955 822 100
1473 750 2117 821 T.L1v11

820 920 1095 1009 omiffa,
1159 922 1371 996 claslis
1424 924 1514 994 ad
1550 920 1848 995 insulam
1895 919 1961 994 se
1995 920 2285 1017 recepit,
2355 918 2538 993 nihil
2589 917 2784 992 aliud

818 1068 1039 1139 quam
1077 1042 1503 1139 depopulato
1532 1040 1717 1115 circa
1750 1043 2002 1113 urbem
2039 1038 2349 1113 hostium
2380 1066 2571 1139 agro·

914 1160 1155 1233 XXII.
1257 1162 1432 1233 Inde
1454 1162 1722 1258 placuit
1757 1162 2158 1233 Eumenem
2197 1161 2498 1233 domum
2540 1157 2783 1233 dimit-

818 1280 901 1367 ti,
955 1284 1021 1353 &
1068 1305 1463 1378 praeparare
1511 1279 1779 1353 consuli
1815 1300 2027 1377 atque
2057 1278 2426 1367 exercitui,
2481 1306 2664 1377 quae
2698 1280 2788 1352 ad

819 1404 1175 1473 transitum
1199 1398 1642 1496 Hellesponti
1665 1425 1844 1496 opus
1867 1402 2114 1497 essent:
2153 1401 2558 1473 Romanam
2581 1400 2786 1472 Rho·

822 1518 1159 1615 diamque
1209 1520 1483 1592 classem
1534 1518 1756 1591 redire
1793 1522 2112 1607 Samum,
2165 1541 2377 1617 atque
2414 1520 2514 1596 ibi
2551 1520 2626 1594 in
2663 1519 2788 1593 sta-

820 1638 1012 1713 tione
1066 1642 1226 1725 effe,
1303 1665 1389 1709 ne
1444 1621 1916 1733 Polyxenidas
1971 1642 2060 1712 ab
2127 1640 2409 1737 Epheso
2455 1661 2791 1715 moveret.

822 1761 987 1831 Rex
1041 1759 1353 1842 Elaeam,
1426 1756 1739 1829 Romani
1792 1762 1858 1830 &
1911 1760 2190 1832 Rhodii
2238 1763 2531 1835 Samum
2570 1762 2792 1834 redie-

822 1898 1007 1951 runt.
1110 1876 1221 1950 Ibi
1257 1878 1372 1949 M.
1412 1874 1793 1964 Aemilius,
1847 1876 2052 1950 frater
2078 1880 2436 1976 praetoris,
2491 1882 2792 1953 deceffit.

824 1995 1129 2083 Rhodii,
1210 1995 1568 2067 celebratis
1644 1995 2018 2093 exsequiis,
2090 1998 2418 2073 adversus
2486 2001 2792 2086 classem,

824 2143 1041 2215 quam
1072 2114 1257 2188 fama
1281 2134 1423 2186 erat
1458 2140 1546 2185 ex
1581 2114 1777 2212 Syria
1809 2116 2074 2203 venire,
2128 2118 2471 2194 tredecim
2503 2117 2637 2192 suis
2675 2144 2793 2191 na-

822 2236 1060 2322 vibus,
1131 2240 1198 2307 &
1252 2258 1395 2305 una
1442 2236 1595 2306 Coa
1645 2232 2177 2331 quinqueremi,
2239 2240 2450 2313 altera
2497 2238 2795 2326 Gnidia,

826 2358 1209 2442 Rhodum,
1260 2374 1343 2426 ut
1383 2352 1483 2426 ibi
1532 2351 1606 2424 in
1653 2352 1943 2426 statione
1976 2358 2214 2445 essent,
2280 2356 2574 2455 profecti
2613 2356 2795 2431 sunt.

827 2476 1062 2551 Biduo
1113 2496 1300 2561 ante,
1359 2498 1576 2570 quam
1627 2474 1997 2547 Eudamus
2048 2500 2216 2548 cum
2253 2480 2449 2550 classe
2485 2504 2528 2549 a
2582 2478 2798 2551 Samo

824 2595 1119 2681 veniret,
1173 2591 1512 2667 tredecim
1542 2618 1582 2663 a
1610 2593 1882 2665 Rhodo
1913 2618 2118 2665 naves
2143 2620 2310 2668 cum
2347 2595 2804 2692 Pamphilida

824 2714 1174 2813 praefecto
1209 2710 1531 2784 adversus
1569 2713 1895 2785 eamdem
1929 2713 2282 2810 Syriacam
2320 2716 2598 2787 classem
2637 2714 2804 2789 mis-

826 2833 961 2920 sae,
1013 2831 1349 2905 adsumtis
1386 2830 1683 2905 navibus
1705 2855 2034 2929 quatuor,
2071 2858 2257 2930 quae
2293 2834 2539 2907 Cariae
2559 2836 2805 2931 praesi-

830 2954 955 3027 dio
982 2972 1201 3041 erant,
1258 2950 1840 3048 obpugnantibus
1875 2951 2110 3050 regiis,
2149 2955 2466 3026 Daedala
2491 2957 2560 3026 ὅτ
2587 2978 2806 3051 quae-

832 3076 998 3147 dam
1028 3072 1161 3146 alia
1180 3096 1387 3169 parva
1412 3070 1685 3142 castella
1716 3072 2076 3146 obsidione
2109 3093 2546 3146 exemerunt.
2656 3076 2808 3147 Eu-

833 3195 1127 3266 damum
1186 3188 1558 3265 confestim
1621 3189 1812 3265 exire
1863 3193 2152 3288 placuit.
2254 3192 2567 3267 Additae
2633 3194 2809 3270 huic

834 3340 1126 3411 quoque
1160 3310 1319 3384 sunt
1353 3312 1443 3381 ad
1479 3336 1632 3382 eam
1671 3312 1972 3399 classem,
2026 3339 2245 3409 quam
2301 3316 2634 3401 habebat,
2691 3313 2811 3388 sex

836 3454 1106 3529 apertae
1141 3456 1371 3503 naves,
1472 3428 1840 3503 Profedlms
1875 3456 2133 3527 quum,
2194 3456 2547 3531 quantum
2599 3434 2812 3506 adce-

836 3554 1045 3627 lerare
1079 3568 1377 3649 poterat,
1430 3552 1850 3637 maturasset,
1903 3554 1992 3625 ad
2019 3574 2336 3649 portum,
2390 3579 2608 3650 quern
2645 3556 2814 3627 Me-

842 3671 1065 3769 gisten
1100 3688 1382 3755 vocant,
1449 3672 1872 3767 praegressos
1903 3670 2383 3769 consequitur.
2457 3674 2635 3745 Inde
2665 3698 2818 3747 uno

837 3789 1123 3887 agmine
1158 3787 1600 3862 Phaselidem
1629 3814 1862 3885 quum
1895 3791 2263 3880 venissent,
2317 3791 2676 3891 optimum
2709 3793 2818 3865 vi-

838 3908 993 3983 sum
1016 3908 1140 3995 est,
1194 3907 1295 3981 ibi
1330 3906 1603 3981 hostem
1637 3910 1964 4006 opperiri.

937 4028 1215 4101 XXIII.
1340 4030 1424 4100 In
1513 4030 1829 4103 confinio
1894 4030 2162 4129 Lyciae
2219 4036 2286 4105 &
2355 4035 2818 4132 Pamphyliae

842 4144 1143 4223 Phaselis
1174 4146 1305 4221 est:
1360 4148 1717 4247 prominet
1747 4150 2032 4247 penitus
2059 4151 2132 4225 in
2161 4154 2411 4242 altum,
2463 4152 2816 4253 conspici·
