3100 5359
908 725 982 801 L
1034 752 1066 801 1
1123 749 1167 803 Β
1222 754 1268 803 Ε
1321 753 1370 805 n
1469 728 1826 809 XXXVI.
2262 764 2351 837 53

390 898 750 975 dederant.
855 902 1171 978 Pecunia
1201 904 1456 1001 juviffe
1509 933 1678 982 eum
1724 906 2298 985 infimulabantur
2316 942 2343 999 3

380 1020 646 1121 legatos
673 1022 765 1095 ad
799 1048 1036 1121 regem
1065 1050 1152 1098 ne
1181 1023 1302 1123 ipfi
1323 1024 1625 1124 quidem
1652 1026 1898 1103 mififl'e
1932 1028 2343 1104 inficiaban-

382 1161 521 1217 tur.
629 1142 726 1217 Iis
771 1142 1206 1240 petentibus,
1255 1168 1339 1219 ut
1391 1145 1467 1219 in
1513 1144 1825 1221 amicitia
1871 1146 2159 1247 pristina
2208 1152 2347 1225 effe

381 1260 642 1349 liceret,
704 1260 1066 1361 respondit
1109 1264 1382 1353 consul,
1445 1276 1495 1311 ‘⁶
1543 1268 1659 1355 Se,
1708 1288 1949 1341 utrum
2003 1267 2343 1358 hostium,

384 1390 436 1423 “
469 1406 560 1457 an
617 1404 1054 1481 pacatorum,
1115 1410 1236 1461 eos
1294 1411 1596 1461 numero
1646 1388 1960 1474 haberet,
2012 1389 2343 1461 nondum

381 1510 431 1545 “
469 1500 658 1577 scire.
757 1505 1093 1579 Senatum
1145 1506 1294 1601 ejus
1347 1505 1446 1579 rei
1491 1505 1819 1603 judicem
1872 1505 2043 1581 fore.
2154 1509 2342 1581 Inte-

379 1631 432 1665 “
469 1646 664 1721 gram
691 1621 758 1699 se
785 1626 1088 1699 cauffatn
1117 1649 1366 1701 eorum
1398 1628 1714 1701 Romam
1742 1626 2045 1723 rejicere.
2120 1628 2341 1701 Indu-

373 1751 428 1785 “
467 1739 609 1815 cias
639 1742 730 1817 ad
783 1741 864 1817 id
909 1744 1190 1821 dierum
1237 1746 1623 1846 nonaginta
1674 1749 1905 1822 dare.''
2006 1744 2341 1845 Epirotae

377 1862 700 1936 Romam
730 1862 909 1938 miffi
942 1863 1261 1940 senatum
1287 1865 1637 1940 adierunt.
1721 1866 1841 1956 Iis,
1876 1864 2129 1965 magis,
2156 1890 2341 1964 quae

371 2008 524 2057 non
557 1980 872 2057 fecissent
899 1983 1199 2075 hostilia,
1251 1984 1737 2076 referentibus,
1789 2012 2005 2085 quam
2034 2012 2340 2085 purgan-

374 2102 570 2179 tibus
603 2130 710 2192 ea,
761 2104 856 2179 de
900 2106 1166 2205 quibus
1213 2110 1713 2205 arguebantur,
1766 2105 2339 2205 responsumda-

369 2244 535 2298 tum
595 2223 721 2311 est,
792 2248 942 2321 quo
993 2224 1274 2301 veniam
1335 2226 1753 2323 impetraffe,
1828 2228 1973 2300 non
2034 2229 2341 2301 cauffam

369 2344 718 2441 probafl'e,
767 2342 996 2419 videri
1027 2348 1320 2443 possent.
1427 2349 1526 2421 Et
1558 2345 1875 2445 Philippi
1910 2345 2095 2445 regis
2128 2345 2339 2445 legati

371 2462 504 2540 sub
539 2463 734 2538 idem
765 2483 1044 2563 tempus
1071 2464 1148 2539 in
1176 2464 1492 2541 senatum
1519 2464 1934 2553 introduciti,
1988 2467 2339 2563 gratulan-

371 2604 478 2659 tes
507 2584 598 2657 de
629 2582 944 2659 vistoria.
1044 2584 1138 2659 Iis
1169 2585 1599 2683 petentibus»,
1652 2606 1734 2659 ut
1783 2583 1914 2660 fibi
1960 2583 2339 2659 sacrificare

371 2702 450 2779 in
484 2704 868 2803 Capitoli0,
919 2704 1346 2803 donumque
1379 2730 1470 2780 ex
1503 2730 1675 2779 auro
1700 2704 1942 2779 liceret
1974 2730 2235 2802 ponere
2263 2704 2340 2779 in

374 2826 552 2898 aede
585 2822 787 2920 Jovis
821 2821 1101 2921 Optimi
1130 2823 1472 2912 Maximi,
1507 2824 1921 2922 permiffum
1954 2828 2046 2899 ab
2079 2824 2341 2899 senatu.

373 2946 692 3021 Centum
719 2944 964 3042 pondo
991 2968 1322 3019 coronam
1351 2970 1636 3019 auream
1661 2943 2063 3043 posuerunt.
2164 2948 2341 3019 Non

367 3060 780 3161 responsum
809 3061 1038 3138 solum
1072 3063 1378 3161 benigne
1405 3064 1651 3163 legatis
1676 3065 1821 3153 est,
1874 3064 1993 3139 sed
2020 3062 2337 3163 Philippi

368 3208 668 3284 quoque
701 3181 892 3257 filius
940 3183 1376 3273 Demetrius,
1427 3184 1559 3283 qui
1605 3183 1805 3259 obses
1838 3186 2119 3258 Romae
2166 3204 2335 3273 erat,

357 3304 462 3381 ad
491 3322 762 3403 patrem
804 3304 1255 3378 reducendus
1288 3303 1534 3403 legatis
1569 3306 1775 3379 datus
1807 3303 1929 3377 est.
2031 3304 2334 3392 Bellum,

365 3427 572 3526 quod
606 3450 777 3501 cum
817 3422 1184 3499 Antiocho
1216 3449 1380 3523 rege
1415 3424 1490 3497 in
1525 3422 1827 3500 Graecia
1860 3422 2134 3521 gestum
2165 3422 2264 3497 est
2296 3448 2339 3497 a

363 3548 514 3623 M'.
543 3544 784 3621 Acilio
817 3542 1129 3633 consule,
1180 3546 1376 3618 hunc
1411 3544 1630 3617 finem
1664 3543 1936 3618 habuit.

469 3664 826 3740 XXXVI.
925 3664 1130 3737 Alter
1192 3661 1438 3738 consul
1497 3667 1581 3738 P.
1640 3661 2013 3737 Cornelius
2066 3660 2333 3761 Scipio,

363 3783 686 3862 Galliam
739 3782 1177 3881 provinciam
1228 3781 1536 3871 sortitus,
1593 3782 2005 3882 priusquam
2048 3784 2141 3855 ad
2190 3784 2335 3857 bel·
2480 3866 2487 3873 ,

359 3908 554 3993 lum,
591 3903 794 4004 quod
828 3927 1000 3977 cum
1046 3900 1232 3997 Bojis
1277 3902 1675 3999 gerendum
1720 3925 1889 3991 erat,
1940 3900 2333 4001 proficisce-

361 4044 587 4111 retur,
637 4020 1018 4122 postulavit
1047 4024 1140 4095 ab
1173 4019 1439 4109 senatu,
1484 4042 1569 4095 ut
1612 4023 1919 4120 pecunia
1936 4022 2059 4098 fibi
2094 4024 2332 4097 decer-

369 4161 658 4221 neretur
681 4143 776 4219 ad
795 4142 1032 4231 ludos,
1059 4164 1242 4240 quos
1259 4162 1663 4240 propraetor
1687 4140 1764 4217 in
1784 4142 2135 4242 Hispania
2156 4143 2338 4217 inter
