3100 5359
846 693 1000 764 L·1
1060 717 1100 768 Β
1161 713 1214 765 Ε·
1261 715 1310 766 R
1411 689 1840 766 XXXVIII.
2194 692 2327 791 167

363 859 508 952 sus,
559 861 896 940 omnibus
929 858 1154 964 copiis
1192 867 1396 966 simul
1431 863 1505 940 in
1547 862 2053 941 Athamaniam
2087 863 2323 938 rediit.

365 986 740 1058 Zenonem
772 983 968 1072 inde,
1020 1007 1192 1059 cum
1225 985 1419 1059 mille
1451 983 1814 1084 peditibus
1840 983 2321 1083 praemissum,

365 1101 755 1202 Ethopiam
807 1130 1150 1203 occupare
1193 1104 1428 1200 jubet,
1481 1125 1883 1204 opportune
1937 1104 2321 1204 Argitheae

362 1221 837 1299 inminentem
863 1256 880 1298 ε
934 1248 1153 1321 quem
1184 1222 1315 1298 ubi
1345 1223 1567 1298 teneri
1599 1249 1641 1297 a
1664 1221 1803 1298 suis
1835 1225 2077 1298 locum
2112 1223 2322 1311 vidit,

359 1340 505 1442 ipse
571 1341 756 1417 circa
811 1345 1163 1442 templum
1222 1342 1424 1438 Jovis
1491 1343 1747 1417 Acraei
1803 1342 2035 1442 posuit
2088 1342 2323 1417 castra.

361 1459 478 1538 Ibi
504 1487 736 1537 unum
763 1462 956 1537 diem
991 1460 1200 1537 foeda
1231 1462 1635 1562 tempestate
1669 1484 2004 1550 retentus,
2050 1463 2325 1560 postero

365 1580 486 1656 die
521 1583 782 1657 ducere
811 1583 904 1656 ad
938 1581 1356 1682 Argitheam
1383 1580 1713 1657 intendit.
1815 1581 2177 1657 Euntibus
2204 1607 2325 1657 ex·
2377 1613 2384 1621 ·

361 1702 634 1801 templo
677 1702 1056 1800 adparuere
1111 1687 1570 1790 AthamaneS,
1622 1700 1699 1774 in
1750 1701 2064 1776 tumulos
2110 1698 2327 1774 inmi-

359 1841 608 1894 nentes
638 1819 792 1894 viae
814 1820 1294 1896 discurrentes.
1373 1823 1499 1896 Ad
1528 1846 1835 1918 quorum
1862 1821 2323 1918 conspectum

357 1939 728 2015 constitere
780 1938 1010 2038 prima
1059 1942 1272 2038 figna,
1333 1961 1628 2039 totoque
1670 1939 1955 2040 agmine
1998 1967 2215 2040 pavor
2244 1941 2324 2014 δε

359 2058 737 2160 trepidatio
789 2080 963 2134 erat:
1019 2060 1084 2134 δι
1128 2084 1254 2157 pro
1289 2058 1354 2133 se
1383 2058 1713 2158 quisque,
1749 2057 2097 2156 quidnam
2128 2059 2325 2134 futu-

358 2205 526 2254 rum
566 2182 757 2267 effet,
818 2176 1152 2278 cogitare,
1205 2181 1250 2251 fi
1289 2176 1364 2250 in
1397 2179 1607 2252 valles
1637 2178 1973 2274 subjedtas
2020 2179 2321 2278 rupibus

364 2324 626 2398 agmen
646 2298 825 2373 foret
850 2295 1248 2372 demiffum.
1315 2299 1524 2372 Haec
1560 2300 2022 2373 tumultuatio
2056 2323 2323 2398 regem,

361 2419 800 2518 cupientem,
860 2415 913 2488 fi
957 2415 1022 2490 se
1056 2415 1534 2516 sequerentur,
1586 2415 1841 2514 raptim
1876 2420 2167 2492 evadere
2201 2445 2323 2494 an-

361 2538 650 2640 gustias,
711 2563 1030 2612 revocare
1061 2535 1355 2635 primm,
1405 2537 1482 2608 &
1515 2538 1790 2624 eadem,
1847 2563 1991 2637 qua
2013 2559 2322 2646 venerat,

358 2656 476 2734 via
504 2657 754 2733 referre
787 2654 1026 2755 coegit
1057 2659 1265 2754 figna.
1329 2659 1801 2732 'Athamanes
1832 2656 2067 2754 primo
2098 2683 2188 2732 ex
2212 2656 2325 2732 in·

355 2780 642 2854 tervallo
700 2775 926 2874 quieti
970 2773 1472 2874 sequebantur:
1526 2775 1902 2874 postquam
1958 2776 2201 2852 Aetoli
2252 2775 2322 2851 se

355 2898 903 2993 conjunxerunt,
953 2897 1110 2981 hos,
1163 2915 1246 2969 ut
1289 2896 1379 2969 ab
1413 2914 1611 2992 tergo
1650 2894 1922 2994 agmini
1957 2894 2316 2984 instarent,

355 3015 829 3115 reliquerunt,
881 3013 1006 3112 ipfi
1056 3039 1099 3087 a
1149 3011 1481 3088 lateribus
1546 3012 1613 3087 se
1680 3013 2321 3090 circumfuderunt.

359 3135 709 3238 Qidam,
764 3160 889 3234 per
940 3155 1145 3208 notos
1178 3135 1385 3208 calles
1436 3133 1751 3209 breviore
1784 3134 1899 3209 via
1928 3139 2318 3234 praegreffi‚

355 3259 671 3332 transitus
721 3253 1067 3329 insedere:
1121 3274 1542 3351 tantumque
1583 3255 1934 3329 tumultus
1970 3256 2319 3330 Macedo-

353 3377 568 3452 nibus
619 3375 720 3448 est
759 3373 1129 3469 injeEtum,
1174 3394 1259 3446 ut
1285 3371 1506 3471 ‚fugae
1532 3373 1758 3472 magis
1790 3372 2067 3458 effusae,
2099 3398 2318 3472 quam

357 3495 628 3572 itineris
679 3491 986 3569 ordinati
1040 3493 1286 3579 mod0,
1337 3491 1583 3566 multis
1615 3491 1825 3566 armis
1868 3490 2174 3591 virisque
2211 3517 2318 3566 re-

349 3615 564 3704 lieris,
645 3617 916 3689 flumen
993 3610 1404 3709 trajecerint.
1528 3611 1683 3685 Hic
1750 3610 1911 3685 finis
1972 3608 2313 3710 sequendi

351 3737 518 3812 fuit.
617 3735 796 3810 Inde
821 3753 978 3808 tuto
1009 3732 1451 3806 Macedones
1483 3731 1887 3828 Gomphos,
1918 3735 1987 3804 ὅτ
2021 3756 2062 3805 a
2088 3734 2316 3806 Gom-

348 3856 510 3957 phis
542 3855 620 3930 in
661 3851 1170 3928 Macedoniam
1216 3849 1596 3924 redierunt.
1694 3852 2129 3925 Athamanes
2160 3855 2316 3926 Ae-

349 3976 626 4075 tolique
659 3970 1066 4070 Ethopiam,
1099 3971 1193 4044 ad
1227 3972 1601 4046 Zenonem
1629 3994 1711 4044 ac
1740 3968 1935 4044 mille
1964 3971 2313 4044 Macedo·

351 4123 476 4173 nas
532 4093 1066 4194 obprimendos,
1117 4089 1448 4188 undique
1507 4109 2039 4166 concurrerunt.
2142 4089 2309 4164 Ma·

1185 4227 1376 4324 Μ5
