<?xml version="1.0" encoding="UTF-8"?>
<!DOCTYPE html PUBLIC "-//W3C//DTD XHTML 1.0 Transitional//EN"
    "http://www.w3.org/TR/xhtml1/DTD/xhtml1-transitional.dtd">
<html xmlns="http://www.w3.org/1999/xhtml" xml:lang="en" lang="en">
 <head>
  <title>
</title>
<meta http-equiv="Content-Type" content="text/html;charset=utf-8" />
  <meta name='ocr-system' content='tesseract 3.04.00' />
  <meta name='ocr-capabilities' content='ocr_page ocr_carea ocr_par ocr_line ocrx_word'/>
</head>
<body>
  <div class='ocr_page' id='page_1' title='image "./tliviipatavinih01homegoog_0209.png"; bbox 0 0 3100 5359; ppageno 0'>
   <div class='ocr_carea' id='block_1_1' title="bbox 777 681 2297 756">
    <p class='ocr_par' dir='ltr' id='par_1_1' title="bbox 777 681 2297 756">
     <span class='ocr_line' id='line_1_1' title="bbox 777 681 2297 756; baseline -0.001 0"><span class='ocrx_word' id='word_1_1' title='bbox 777 683 852 756; x_wconf 88' lang='lat' dir='ltr'>L</span> <span class='ocrx_word' id='word_1_2' title='bbox 904 708 931 755; x_wconf 91' lang='lat'>1</span> <span class='ocrx_word' id='word_1_3' title='bbox 990 695 1032 755; x_wconf 72' lang='grc' dir='ltr'><strong><em>Β</em></strong></span> <span class='ocrx_word' id='word_1_4' title='bbox 1091 705 1238 754; x_wconf 59' lang='lat' dir='ltr'>aa</span> <span class='ocrx_word' id='word_1_5' title='bbox 1341 681 1768 756; x_wconf 90' lang='lat' dir='ltr'>XXXVIII.</span> <span class='ocrx_word' id='word_1_6' title='bbox 2164 705 2297 756; x_wconf 81' lang='lat'>201</span> 
     </span>
    </p>
   </div>
   <div class='ocr_carea' id='block_1_2' title="bbox 345 849 2319 4194">
    <p class='ocr_par' dir='ltr' id='par_1_2' title="bbox 345 849 2311 3234">
     <span class='ocr_line' id='line_1_2' title="bbox 347 849 2307 954; baseline 0.001 -26"><span class='ocrx_word' id='word_1_7' title='bbox 347 873 460 928; x_wconf 90' lang='lat' dir='ltr'>tus</span> <span class='ocrx_word' id='word_1_8' title='bbox 511 851 873 928; x_wconf 88' lang='lat' dir='ltr'>montium</span> <span class='ocrx_word' id='word_1_9' title='bbox 926 853 1239 953; x_wconf 84' lang='lat' dir='ltr'>fugaque</span> <span class='ocrx_word' id='word_1_10' title='bbox 1293 858 1358 928; x_wconf 90' lang='lat'>&amp;</span> <span class='ocrx_word' id='word_1_11' title='bbox 1407 856 1657 929; x_wconf 87' lang='lat' dir='ltr'>caedes</span> <span class='ocrx_word' id='word_1_12' title='bbox 1702 853 1879 928; x_wconf 84' lang='lat' dir='ltr'>fuit:</span> <span class='ocrx_word' id='word_1_13' title='bbox 1934 849 2307 954; x_wconf 86' lang='lat' dir='ltr'>&amp;magna</span> 
     </span>
     <span class='ocr_line' id='line_1_3' title="bbox 347 973 2302 1075; baseline -0.001 -25"><span class='ocrx_word' id='word_1_14' title='bbox 347 1001 501 1075; x_wconf 86' lang='lat' dir='ltr'>pars</span> <span class='ocrx_word' id='word_1_15' title='bbox 551 975 850 1072; x_wconf 83' lang='lat' dir='ltr'>rupibus</span> <span class='ocrx_word' id='word_1_16' title='bbox 903 974 1111 1048; x_wconf 88' lang='lat' dir='ltr'>inviis</span> <span class='ocrx_word' id='word_1_17' title='bbox 1154 974 1230 1048; x_wconf 89' lang='lat' dir='ltr'>in</span> <span class='ocrx_word' id='word_1_18' title='bbox 1275 975 1667 1073; x_wconf 86' lang='lat' dir='ltr'>profundae</span> <span class='ocrx_word' id='word_1_19' title='bbox 1706 973 2101 1050; x_wconf 82' lang='lat' dir='ltr'>altitudinis</span> <span class='ocrx_word' id='word_1_20' title='bbox 2133 1001 2302 1049; x_wconf 88' lang='lat' dir='ltr'>con-</span> 
     </span>
     <span class='ocr_line' id='line_1_4' title="bbox 347 1092 2302 1193; baseline -0.001 -24"><span class='ocrx_word' id='word_1_21' title='bbox 347 1098 556 1170; x_wconf 79' lang='lat' dir='ltr'>valles</span> <span class='ocrx_word' id='word_1_22' title='bbox 584 1093 860 1191; x_wconf 90' lang='lat' dir='ltr'>delapsa</span> <span class='ocrx_word' id='word_1_23' title='bbox 879 1095 1023 1182; x_wconf 72' lang='lat' dir='ltr'>est,</span> <span class='ocrx_word' id='word_1_24' title='bbox 1059 1121 1213 1192; x_wconf 86' lang='lat' dir='ltr'>pars</span> <span class='ocrx_word' id='word_1_25' title='bbox 1242 1094 1316 1168; x_wconf 88' lang='lat' dir='ltr'>in</span> <span class='ocrx_word' id='word_1_26' title='bbox 1349 1094 1526 1168; x_wconf 86' lang='lat' dir='ltr'>filvis</span> <span class='ocrx_word' id='word_1_27' title='bbox 1555 1092 2026 1193; x_wconf 89' lang='lat' dir='ltr'>vepribusque</span> <span class='ocrx_word' id='word_1_28' title='bbox 2056 1092 2302 1169; x_wconf 88' lang='lat' dir='ltr'>occisa.</span> 
     </span>
     <span class='ocr_line' id='line_1_5' title="bbox 346 1213 2305 1314; baseline -0.001 -24"><span class='ocrx_word' id='word_1_29' title='bbox 346 1213 722 1302; x_wconf 85' lang='lat' dir='ltr'>Claudius,</span> <span class='ocrx_word' id='word_1_30' title='bbox 771 1215 898 1312; x_wconf 89' lang='lat' dir='ltr'>qui</span> <span class='ocrx_word' id='word_1_31' title='bbox 954 1214 1062 1290; x_wconf 87' lang='lat' dir='ltr'>bis</span> <span class='ocrx_word' id='word_1_32' title='bbox 1117 1237 1515 1314; x_wconf 87' lang='lat' dir='ltr'>pugnatum</span> <span class='ocrx_word' id='word_1_33' title='bbox 1572 1213 1647 1286; x_wconf 90' lang='lat' dir='ltr'>in</span> <span class='ocrx_word' id='word_1_34' title='bbox 1693 1215 2009 1312; x_wconf 89' lang='lat' dir='ltr'>Olympo</span> <span class='ocrx_word' id='word_1_35' title='bbox 2064 1236 2305 1290; x_wconf 89' lang='lat' dir='ltr'>monte</span> 
     </span>
     <span class='ocr_line' id='line_1_6' title="bbox 346 1332 2305 1433; baseline 0 -23"><span class='ocrx_word' id='word_1_36' title='bbox 346 1335 610 1422; x_wconf 83' lang='lat' dir='ltr'>scribit,</span> <span class='ocrx_word' id='word_1_37' title='bbox 681 1337 774 1409; x_wconf 87' lang='lat' dir='ltr'>ad</span> <span class='ocrx_word' id='word_1_38' title='bbox 839 1334 1302 1433; x_wconf 86' lang='lat' dir='ltr'>quadraginta</span> <span class='ocrx_word' id='word_1_39' title='bbox 1361 1332 1587 1407; x_wconf 87' lang='lat' dir='ltr'>millia</span> <span class='ocrx_word' id='word_1_40' title='bbox 1647 1333 2029 1410; x_wconf 86' lang='lat' dir='ltr'>hominum</span> <span class='ocrx_word' id='word_1_41' title='bbox 2090 1335 2305 1424; x_wconf 83' lang='lat' dir='ltr'>caesa,</span> 
     </span>
     <span class='ocr_line' id='line_1_7' title="bbox 345 1453 2307 1552; baseline 0.001 -21"><span class='ocrx_word' id='word_1_42' title='bbox 345 1459 592 1532; x_wconf 58' lang='lat' dir='ltr'>audior</span> <span class='ocrx_word' id='word_1_43' title='bbox 625 1456 764 1529; x_wconf 71' lang='lat' dir='ltr'>estz</span> <span class='ocrx_word' id='word_1_44' title='bbox 819 1454 1136 1529; x_wconf 87' lang='lat' dir='ltr'>Valerius</span> <span class='ocrx_word' id='word_1_45' title='bbox 1169 1453 1445 1541; x_wconf 84' lang='lat' dir='ltr'>Antias,</span> <span class='ocrx_word' id='word_1_46' title='bbox 1482 1453 1609 1551; x_wconf 89' lang='lat' dir='ltr'>qui</span> <span class='ocrx_word' id='word_1_47' title='bbox 1646 1453 1869 1552; x_wconf 83' lang='lat' dir='ltr'>magis</span> <span class='ocrx_word' id='word_1_48' title='bbox 1903 1453 2307 1532; x_wconf 88' lang='lat' dir='ltr'>inmodicus</span> 
     </span>
     <span class='ocr_line' id='line_1_8' title="bbox 345 1573 2305 1674; baseline 0 -24"><span class='ocrx_word' id='word_1_49' title='bbox 345 1576 422 1650; x_wconf 92' lang='lat' dir='ltr'>in</span> <span class='ocrx_word' id='word_1_50' title='bbox 475 1601 778 1652; x_wconf 88' lang='lat' dir='ltr'>numero</span> <span class='ocrx_word' id='word_1_51' title='bbox 825 1577 1157 1674; x_wconf 87' lang='lat' dir='ltr'>augendo</span> <span class='ocrx_word' id='word_1_52' title='bbox 1203 1575 1336 1648; x_wconf 83' lang='lat' dir='ltr'>effe</span> <span class='ocrx_word' id='word_1_53' title='bbox 1389 1573 1587 1662; x_wconf 87' lang='lat' dir='ltr'>solet,</span> <span class='ocrx_word' id='word_1_54' title='bbox 1647 1599 1793 1648; x_wconf 87' lang='lat' dir='ltr'>non</span> <span class='ocrx_word' id='word_1_55' title='bbox 1852 1577 2009 1671; x_wconf 92' lang='lat' dir='ltr'>plus</span> <span class='ocrx_word' id='word_1_56' title='bbox 2056 1577 2305 1650; x_wconf 87' lang='lat' dir='ltr'>decem</span> 
     </span>
     <span class='ocr_line' id='line_1_9' title="bbox 347 1693 2309 1791; baseline -0.001 -20"><span class='ocrx_word' id='word_1_57' title='bbox 347 1695 592 1771; x_wconf 81' lang='lat' dir='ltr'>millia.</span> <span class='ocrx_word' id='word_1_58' title='bbox 696 1699 1061 1770; x_wconf 84' lang='lat' dir='ltr'>Numerus</span> <span class='ocrx_word' id='word_1_59' title='bbox 1116 1693 1560 1791; x_wconf 88' lang='lat' dir='ltr'>captivorum</span> <span class='ocrx_word' id='word_1_60' title='bbox 1600 1695 1791 1768; x_wconf 88' lang='lat' dir='ltr'>haud</span> <span class='ocrx_word' id='word_1_61' title='bbox 1837 1695 2057 1770; x_wconf 87' lang='lat' dir='ltr'>dubie</span> <span class='ocrx_word' id='word_1_62' title='bbox 2088 1695 2309 1770; x_wconf 88' lang='lat' dir='ltr'>millia</span> 
     </span>
     <span class='ocr_line' id='line_1_10' title="bbox 347 1811 2303 1915; baseline 0 -25"><span class='ocrx_word' id='word_1_63' title='bbox 347 1816 816 1915; x_wconf 87' lang='lat' dir='ltr'>quadraginta</span> <span class='ocrx_word' id='word_1_64' title='bbox 868 1813 1202 1913; x_wconf 86' lang='lat' dir='ltr'>explevit,</span> <span class='ocrx_word' id='word_1_65' title='bbox 1256 1813 1428 1910; x_wconf 90' lang='lat' dir='ltr'>quia</span> <span class='ocrx_word' id='word_1_66' title='bbox 1467 1811 1700 1888; x_wconf 91' lang='lat' dir='ltr'>omnis</span> <span class='ocrx_word' id='word_1_67' title='bbox 1733 1813 2007 1913; x_wconf 87' lang='lat' dir='ltr'>generis</span> <span class='ocrx_word' id='word_1_68' title='bbox 2039 1815 2303 1890; x_wconf 87' lang='lat' dir='ltr'>aetatis-</span> 
     </span>
     <span class='ocr_line' id='line_1_11' title="bbox 349 1931 2306 2036; baseline 0.001 -27"><span class='ocrx_word' id='word_1_69' title='bbox 349 1963 492 2036; x_wconf 88' lang='lat' dir='ltr'>que</span> <span class='ocrx_word' id='word_1_70' title='bbox 515 1939 794 2011; x_wconf 78' lang='lat' dir='ltr'>turbam</span> <span class='ocrx_word' id='word_1_71' title='bbox 818 1934 1052 2009; x_wconf 90' lang='lat' dir='ltr'>secum</span> <span class='ocrx_word' id='word_1_72' title='bbox 1077 1955 1446 2022; x_wconf 87' lang='lat' dir='ltr'>traxerant,</span> <span class='ocrx_word' id='word_1_73' title='bbox 1475 1931 2033 2032; x_wconf 84' lang='lat' dir='ltr'>demigrantium</span> <span class='ocrx_word' id='word_1_74' title='bbox 2055 1934 2306 2035; x_wconf 76' lang='lat' dir='ltr'>magiS,</span> 
     </span>
     <span class='ocr_line' id='line_1_12' title="bbox 349 2051 2309 2157; baseline -0.001 -27"><span class='ocrx_word' id='word_1_75' title='bbox 349 2083 568 2157; x_wconf 89' lang='lat' dir='ltr'>quam</span> <span class='ocrx_word' id='word_1_76' title='bbox 607 2056 680 2130; x_wconf 92' lang='lat' dir='ltr'>in</span> <span class='ocrx_word' id='word_1_77' title='bbox 717 2056 986 2130; x_wconf 86' lang='lat' dir='ltr'>bellurn</span> <span class='ocrx_word' id='word_1_78' title='bbox 1021 2053 1378 2143; x_wconf 89' lang='lat' dir='ltr'>euntium,</span> <span class='ocrx_word' id='word_1_79' title='bbox 1409 2055 1655 2128; x_wconf 86' lang='lat' dir='ltr'>modo.</span> <span class='ocrx_word' id='word_1_80' title='bbox 1756 2051 2047 2142; x_wconf 88' lang='lat' dir='ltr'>Consul,</span> <span class='ocrx_word' id='word_1_81' title='bbox 2098 2053 2309 2129; x_wconf 87' lang='lat' dir='ltr'>armis</span> 
     </span>
     <span class='ocr_line' id='line_1_13' title="bbox 347 2173 2305 2272; baseline -0.001 -20"><span class='ocrx_word' id='word_1_82' title='bbox 347 2176 660 2252; x_wconf 88' lang='lat' dir='ltr'>hostium</span> <span class='ocrx_word' id='word_1_83' title='bbox 687 2175 763 2247; x_wconf 89' lang='lat' dir='ltr'>in</span> <span class='ocrx_word' id='word_1_84' title='bbox 791 2201 939 2248; x_wconf 90' lang='lat' dir='ltr'>uno</span> <span class='ocrx_word' id='word_1_85' title='bbox 960 2173 1417 2248; x_wconf 87' lang='lat' dir='ltr'>concrematis</span> <span class='ocrx_word' id='word_1_86' title='bbox 1438 2174 1759 2262; x_wconf 88' lang='lat' dir='ltr'>cumu10,</span> <span class='ocrx_word' id='word_1_87' title='bbox 1788 2193 2087 2247; x_wconf 85' lang='lat' dir='ltr'>ceteram</span> <span class='ocrx_word' id='word_1_88' title='bbox 2112 2200 2305 2272; x_wconf 89' lang='lat' dir='ltr'>prae-</span> 
     </span>
     <span class='ocr_line' id='line_1_14' title="bbox 349 2293 2309 2394; baseline 0.001 -24"><span class='ocrx_word' id='word_1_89' title='bbox 349 2298 518 2370; x_wconf 89' lang='lat' dir='ltr'>dam</span> <span class='ocrx_word' id='word_1_90' title='bbox 554 2293 869 2369; x_wconf 88' lang='lat' dir='ltr'>conferre</span> <span class='ocrx_word' id='word_1_91' title='bbox 889 2321 1136 2368; x_wconf 88' lang='lat' dir='ltr'>omnes</span> <span class='ocrx_word' id='word_1_92' title='bbox 1155 2294 1388 2390; x_wconf 75' lang='lat' dir='ltr'>jusfitz</span> <span class='ocrx_word' id='word_1_93' title='bbox 1443 2297 1510 2366; x_wconf 67' lang='grc' dir='ltr'>ὃ(</span> <span class='ocrx_word' id='word_1_94' title='bbox 1545 2313 1669 2366; x_wconf 91' lang='lat' dir='ltr'>aut</span> <span class='ocrx_word' id='word_1_95' title='bbox 1693 2293 2045 2382; x_wconf 89' lang='lat' dir='ltr'>vendidit,</span> <span class='ocrx_word' id='word_1_96' title='bbox 2106 2299 2309 2394; x_wconf 86' lang='lat' dir='ltr'>quod</span> 
     </span>
     <span class='ocr_line' id='line_1_15' title="bbox 349 2413 2307 2513; baseline 0 -23"><span class='ocrx_word' id='word_1_97' title='bbox 349 2417 496 2513; x_wconf 88' lang='lat' dir='ltr'>ejus</span> <span class='ocrx_word' id='word_1_98' title='bbox 530 2415 606 2488; x_wconf 87' lang='lat' dir='ltr'>in</span> <span class='ocrx_word' id='word_1_99' title='bbox 633 2413 1011 2512; x_wconf 89' lang='lat' dir='ltr'>publicum</span> <span class='ocrx_word' id='word_1_100' title='bbox 1045 2413 1516 2512; x_wconf 88' lang='lat' dir='ltr'>redigendum</span> <span class='ocrx_word' id='word_1_101' title='bbox 1545 2433 1721 2487; x_wconf 81' lang='lat' dir='ltr'>erat:</span> <span class='ocrx_word' id='word_1_102' title='bbox 1758 2434 1881 2488; x_wconf 87' lang='lat' dir='ltr'>aut</span> <span class='ocrx_word' id='word_1_103' title='bbox 1915 2440 2086 2489; x_wconf 91' lang='lat' dir='ltr'>cum</span> <span class='ocrx_word' id='word_1_104' title='bbox 2113 2442 2307 2505; x_wconf 86' lang='lat' dir='ltr'>cura,</span> 
     </span>
     <span class='ocr_line' id='line_1_16' title="bbox 348 2532 2309 2634; baseline 0 -24"><span class='ocrx_word' id='word_1_105' title='bbox 348 2556 431 2610; x_wconf 92' lang='lat' dir='ltr'>ut</span> <span class='ocrx_word' id='word_1_106' title='bbox 463 2560 683 2634; x_wconf 84' lang='lat' dir='ltr'>quam</span> <span class='ocrx_word' id='word_1_107' title='bbox 718 2533 1123 2632; x_wconf 87' lang='lat' dir='ltr'>aequiffima</span> <span class='ocrx_word' id='word_1_108' title='bbox 1143 2534 1330 2621; x_wconf 87' lang='lat' dir='ltr'>effet,</span> <span class='ocrx_word' id='word_1_109' title='bbox 1365 2559 1488 2632; x_wconf 90' lang='lat' dir='ltr'>per</span> <span class='ocrx_word' id='word_1_110' title='bbox 1507 2532 1767 2608; x_wconf 86' lang='lat' dir='ltr'>milites</span> <span class='ocrx_word' id='word_1_111' title='bbox 1792 2533 2045 2609; x_wconf 84' lang='lat' dir='ltr'>divifit.</span> <span class='ocrx_word' id='word_1_112' title='bbox 2115 2539 2309 2610; x_wconf 88' lang='lat' dir='ltr'>Lau-</span> 
     </span>
     <span class='ocr_line' id='line_1_17' title="bbox 349 2651 2311 2756; baseline 0.002 -27"><span class='ocrx_word' id='word_1_113' title='bbox 349 2655 494 2729; x_wconf 89' lang='lat' dir='ltr'>dati</span> <span class='ocrx_word' id='word_1_114' title='bbox 533 2680 826 2753; x_wconf 90' lang='lat' dir='ltr'>quoque</span> <span class='ocrx_word' id='word_1_115' title='bbox 847 2678 976 2752; x_wconf 90' lang='lat' dir='ltr'>pro</span> <span class='ocrx_word' id='word_1_116' title='bbox 1007 2651 1352 2729; x_wconf 89' lang='lat' dir='ltr'>concione</span> <span class='ocrx_word' id='word_1_117' title='bbox 1386 2679 1633 2726; x_wconf 90' lang='lat' dir='ltr'>omnes</span> <span class='ocrx_word' id='word_1_118' title='bbox 1678 2652 1861 2742; x_wconf 92' lang='lat' dir='ltr'>sunt,</span> <span class='ocrx_word' id='word_1_119' title='bbox 1922 2655 2311 2756; x_wconf 85' lang='lat' dir='ltr'>donatique</span> 
     </span>
     <span class='ocr_line' id='line_1_18' title="bbox 348 2771 2311 2874; baseline 0.002 -26"><span class='ocrx_word' id='word_1_120' title='bbox 348 2799 480 2874; x_wconf 91' lang='lat' dir='ltr'>pro</span> <span class='ocrx_word' id='word_1_121' title='bbox 507 2773 764 2848; x_wconf 88' lang='lat' dir='ltr'>merito</span> <span class='ocrx_word' id='word_1_122' title='bbox 795 2771 1140 2872; x_wconf 82' lang='lat' dir='ltr'>quisque=</span> <span class='ocrx_word' id='word_1_123' title='bbox 1199 2793 1359 2846; x_wconf 88' lang='lat' dir='ltr'>ante</span> <span class='ocrx_word' id='word_1_124' title='bbox 1393 2798 1641 2847; x_wconf 90' lang='lat' dir='ltr'>omnes</span> <span class='ocrx_word' id='word_1_125' title='bbox 1676 2776 1983 2864; x_wconf 90' lang='lat' dir='ltr'>Attalus,</span> <span class='ocrx_word' id='word_1_126' title='bbox 2028 2775 2311 2851; x_wconf 89' lang='lat' dir='ltr'>summo</span> 
     </span>
     <span class='ocr_line' id='line_1_19' title="bbox 349 2891 2311 2991; baseline 0.001 -21"><span class='ocrx_word' id='word_1_127' title='bbox 349 2914 742 2970; x_wconf 87' lang='lat' dir='ltr'>ceterorum</span> <span class='ocrx_word' id='word_1_128' title='bbox 795 2891 1109 2967; x_wconf 88' lang='lat' dir='ltr'>adsensu.</span> <span class='ocrx_word' id='word_1_129' title='bbox 1210 2895 1404 2966; x_wconf 91' lang='lat' dir='ltr'>Nam</span> <span class='ocrx_word' id='word_1_130' title='bbox 1451 2893 1811 2990; x_wconf 80' lang='lat' dir='ltr'>singularis</span> <span class='ocrx_word' id='word_1_131' title='bbox 1856 2895 2003 2991; x_wconf 91' lang='lat' dir='ltr'>ejus</span> <span class='ocrx_word' id='word_1_132' title='bbox 2024 2897 2311 2991; x_wconf 81' lang='lat' dir='ltr'>juvenis</span> 
     </span>
     <span class='ocr_line' id='line_1_20' title="bbox 350 3011 2311 3114; baseline 0.001 -25"><span class='ocrx_word' id='word_1_133' title='bbox 350 3039 582 3114; x_wconf 90' lang='lat' dir='ltr'>quum</span> <span class='ocrx_word' id='word_1_134' title='bbox 634 3013 854 3088; x_wconf 89' lang='lat' dir='ltr'>virtus</span> <span class='ocrx_word' id='word_1_135' title='bbox 907 3018 973 3088; x_wconf 74' lang='grc' dir='ltr'>δι</span> <span class='ocrx_word' id='word_1_136' title='bbox 1032 3011 1370 3087; x_wconf 88' lang='lat' dir='ltr'>industria</span> <span class='ocrx_word' id='word_1_137' title='bbox 1419 3011 1494 3086; x_wconf 89' lang='lat' dir='ltr'>in</span> <span class='ocrx_word' id='word_1_138' title='bbox 1548 3013 1885 3089; x_wconf 87' lang='lat' dir='ltr'>omnibus</span> <span class='ocrx_word' id='word_1_139' title='bbox 1950 3015 2311 3092; x_wconf 79' lang='lat' dir='ltr'>laboribus</span> 
     </span>
     <span class='ocr_line' id='line_1_21' title="bbox 351 3131 1925 3234; baseline -0.001 -25"><span class='ocrx_word' id='word_1_140' title='bbox 351 3133 847 3234; x_wconf 85' lang='lat' dir='ltr'>periculisque,</span> <span class='ocrx_word' id='word_1_141' title='bbox 876 3153 1030 3208; x_wconf 89' lang='lat' dir='ltr'>tum</span> <span class='ocrx_word' id='word_1_142' title='bbox 1063 3131 1404 3207; x_wconf 90' lang='lat' dir='ltr'>modestia</span> <span class='ocrx_word' id='word_1_143' title='bbox 1433 3132 1647 3207; x_wconf 90' lang='lat' dir='ltr'>etiam</span> <span class='ocrx_word' id='word_1_144' title='bbox 1680 3131 1925 3208; x_wconf 87' lang='lat' dir='ltr'>fuerat.</span> 
     </span>
    </p>

    <p class='ocr_par' dir='ltr' id='par_1_3' title="bbox 353 3253 2319 4194">
     <span class='ocr_line' id='line_1_22' title="bbox 445 3253 2313 3354; baseline 0.001 -24"><span class='ocrx_word' id='word_1_145' title='bbox 445 3256 728 3330; x_wconf 86' lang='lat' dir='ltr'>XXIV.</span> <span class='ocrx_word' id='word_1_146' title='bbox 805 3257 1171 3354; x_wconf 88' lang='lat' dir='ltr'>Supererat</span> <span class='ocrx_word' id='word_1_147' title='bbox 1193 3254 1460 3328; x_wconf 90' lang='lat' dir='ltr'>bellurn</span> <span class='ocrx_word' id='word_1_148' title='bbox 1481 3253 1839 3353; x_wconf 87' lang='lat' dir='ltr'>integrum</span> <span class='ocrx_word' id='word_1_149' title='bbox 1859 3280 2027 3330; x_wconf 90' lang='lat' dir='ltr'>cum</span> <span class='ocrx_word' id='word_1_150' title='bbox 2050 3258 2313 3331; x_wconf 64' lang='lat' dir='ltr'>Tecto-</span> 
     </span>
     <span class='ocr_line' id='line_1_23' title="bbox 353 3372 2311 3476; baseline 0.002 -28"><span class='ocrx_word' id='word_1_151' title='bbox 353 3373 550 3476; x_wconf 85' lang='lat' dir='ltr'>sagis.</span> <span class='ocrx_word' id='word_1_152' title='bbox 651 3374 776 3449; x_wconf 87' lang='lat' dir='ltr'>Ad</span> <span class='ocrx_word' id='word_1_153' title='bbox 845 3401 964 3448; x_wconf 86' lang='lat' dir='ltr'>eos</span> <span class='ocrx_word' id='word_1_154' title='bbox 1040 3372 1398 3471; x_wconf 60' lang='lat' dir='ltr'>profectus</span> <span class='ocrx_word' id='word_1_155' title='bbox 1458 3373 1728 3462; x_wconf 90' lang='lat' dir='ltr'>consul,</span> <span class='ocrx_word' id='word_1_156' title='bbox 1800 3374 2019 3450; x_wconf 85' lang='lat' dir='ltr'>tertiis</span> <span class='ocrx_word' id='word_1_157' title='bbox 2079 3376 2311 3452; x_wconf 81' lang='lat' dir='ltr'>castris</span> 
     </span>
     <span class='ocr_line' id='line_1_24' title="bbox 355 3493 2309 3595; baseline 0.001 -25"><span class='ocrx_word' id='word_1_158' title='bbox 355 3501 748 3595; x_wconf 85' lang='lat' dir='ltr'>Ancyram,</span> <span class='ocrx_word' id='word_1_159' title='bbox 805 3494 1121 3570; x_wconf 88' lang='lat' dir='ltr'>nobilem</span> <span class='ocrx_word' id='word_1_160' title='bbox 1158 3493 1230 3568; x_wconf 91' lang='lat' dir='ltr'>in</span> <span class='ocrx_word' id='word_1_161' title='bbox 1267 3493 1402 3568; x_wconf 87' lang='lat' dir='ltr'>illis</span> <span class='ocrx_word' id='word_1_162' title='bbox 1435 3493 1609 3570; x_wconf 88' lang='lat' dir='ltr'>locis</span> <span class='ocrx_word' id='word_1_163' title='bbox 1638 3498 1918 3582; x_wconf 88' lang='lat' dir='ltr'>urbem,</span> <span class='ocrx_word' id='word_1_164' title='bbox 1964 3497 2309 3593; x_wconf 82' lang='lat' dir='ltr'>pervenit,</span> 
     </span>
     <span class='ocr_line' id='line_1_25' title="bbox 355 3613 2313 3714; baseline 0.003 -26"><span class='ocrx_word' id='word_1_165' title='bbox 355 3618 547 3690; x_wconf 88' lang='lat' dir='ltr'>unde</span> <span class='ocrx_word' id='word_1_166' title='bbox 615 3615 844 3689; x_wconf 89' lang='lat' dir='ltr'>hostes</span> <span class='ocrx_word' id='word_1_167' title='bbox 907 3616 1146 3714; x_wconf 89' lang='lat' dir='ltr'>paullo</span> <span class='ocrx_word' id='word_1_168' title='bbox 1206 3617 1368 3713; x_wconf 90' lang='lat' dir='ltr'>plus</span> <span class='ocrx_word' id='word_1_169' title='bbox 1430 3615 1681 3691; x_wconf 89' lang='lat' dir='ltr'>decem</span> <span class='ocrx_word' id='word_1_170' title='bbox 1733 3613 1957 3689; x_wconf 88' lang='lat' dir='ltr'>millia</span> <span class='ocrx_word' id='word_1_171' title='bbox 2004 3619 2313 3693; x_wconf 81' lang='lat' dir='ltr'>aberant.</span> 
     </span>
     <span class='ocr_line' id='line_1_26' title="bbox 355 3733 2317 3834; baseline 0.002 -24"><span class='ocrx_word' id='word_1_172' title='bbox 355 3737 508 3812; x_wconf 88' lang='lat' dir='ltr'>Ubi</span> <span class='ocrx_word' id='word_1_173' title='bbox 561 3761 798 3834; x_wconf 86' lang='lat' dir='ltr'>quum</span> <span class='ocrx_word' id='word_1_174' title='bbox 837 3734 1080 3809; x_wconf 85' lang='lat' dir='ltr'>stativa</span> <span class='ocrx_word' id='word_1_175' title='bbox 1136 3736 1374 3823; x_wconf 85' lang='lat' dir='ltr'>effent,</span> <span class='ocrx_word' id='word_1_176' title='bbox 1436 3733 1708 3810; x_wconf 88' lang='lat' dir='ltr'>facinus</span> <span class='ocrx_word' id='word_1_177' title='bbox 1770 3737 2229 3813; x_wconf 85' lang='lat' dir='ltr'>memorabile</span> <span class='ocrx_word' id='word_1_178' title='bbox 2273 3765 2317 3813; x_wconf 88' lang='lat' dir='ltr'>a</span> 
     </span>
     <span class='ocr_line' id='line_1_27' title="bbox 354 3853 2315 3955; baseline 0.001 -24"><span class='ocrx_word' id='word_1_179' title='bbox 354 3857 628 3955; x_wconf 85' lang='lat' dir='ltr'>captiva</span> <span class='ocrx_word' id='word_1_180' title='bbox 658 3855 928 3930; x_wconf 65' lang='lat' dir='ltr'>fastum</span> <span class='ocrx_word' id='word_1_181' title='bbox 949 3855 1068 3931; x_wconf 88' lang='lat' dir='ltr'>est.</span> <span class='ocrx_word' id='word_1_182' title='bbox 1151 3853 1589 3955; x_wconf 84' lang='lat' dir='ltr'>Ortiagont-is</span> <span class='ocrx_word' id='word_1_183' title='bbox 1621 3855 1847 3954; x_wconf 84' lang='lat' dir='ltr'>reguli</span> <span class='ocrx_word' id='word_1_184' title='bbox 1883 3882 2063 3931; x_wconf 81' lang='lat' dir='ltr'>uxor</span> <span class='ocrx_word' id='word_1_185' title='bbox 2088 3855 2315 3933; x_wconf 87' lang='lat' dir='ltr'>forma</span> 
     </span>
     <span class='ocr_line' id='line_1_28' title="bbox 355 3974 2311 4074; baseline 0.002 -24"><span class='ocrx_word' id='word_1_186' title='bbox 355 3976 614 4051; x_wconf 82' lang='lat' dir='ltr'>eximia</span> <span class='ocrx_word' id='word_1_187' title='bbox 683 3974 1210 4053; x_wconf 89' lang='lat' dir='ltr'>custodiebatur</span> <span class='ocrx_word' id='word_1_188' title='bbox 1273 3975 1458 4050; x_wconf 87' lang='lat' dir='ltr'>inter</span> <span class='ocrx_word' id='word_1_189' title='bbox 1507 3977 1741 4072; x_wconf 88' lang='lat' dir='ltr'>plures</span> <span class='ocrx_word' id='word_1_190' title='bbox 1796 3977 2137 4074; x_wconf 88' lang='lat' dir='ltr'>captivos,</span> <span class='ocrx_word' id='word_1_191' title='bbox 2194 3978 2311 4053; x_wconf 91' lang='lat' dir='ltr'>cui</span> 
     </span>
     <span class='ocr_line' id='line_1_29' title="bbox 358 4094 2319 4194; baseline 0.001 -23"><span class='ocrx_word' id='word_1_192' title='bbox 358 4096 711 4172; x_wconf 87' lang='lat' dir='ltr'>custodiae</span> <span class='ocrx_word' id='word_1_193' title='bbox 738 4095 1060 4172; x_wconf 87' lang='lat' dir='ltr'>centurio</span> <span class='ocrx_word' id='word_1_194' title='bbox 1083 4116 1418 4194; x_wconf 88' lang='lat' dir='ltr'>praeerat,</span> <span class='ocrx_word' id='word_1_195' title='bbox 1456 4100 1526 4169; x_wconf 76' lang='grc' dir='ltr'>ὅτ</span> <span class='ocrx_word' id='word_1_196' title='bbox 1554 4094 1873 4171; x_wconf 86' lang='lat' dir='ltr'>libidinis</span> <span class='ocrx_word' id='word_1_197' title='bbox 1900 4101 1967 4171; x_wconf 76' lang='grc' dir='ltr'>δι</span> <span class='ocrx_word' id='word_1_198' title='bbox 1990 4095 2319 4172; x_wconf 82' lang='lat' dir='ltr'>avaritiae</span> 
     </span>
    </p>
   </div>
  </div>
 </body>
</html>
