3100 5359
755 755 1064 860 3103.
1413 733 2063 810 T.L1v11

753 904 1147 994 volitando,
1225 906 1753 983 clamitantibus
1838 907 2237 984 adversariis
2318 909 2397 981 δε
2456 909 2711 1005 majore

755 1045 948 1123 parte
993 1023 1291 1114 senatus,
1355 1037 1406 1070 ‘⁸
1441 1027 1835 1102 meminifl‘e
1882 1055 2051 1102 eum
2094 1029 2353 1103 debere
2390 1029 2605 1128 prius,
2644 1027 2711 1102 se

757 1154 810 1188 “
841 1143 1204 1218 consulem
1290 1146 1538 1243 populi
1600 1147 1944 1234 Romani,
2012 1171 2233 1244 quam
2296 1145 2575 1222 fratrem
2630 1151 2709 1222 P.

758 1275 810 1312 ‘⁸
847 1264 1160 1352 Claudii,
1225 1267 1402 1340 effe:
1455 1265 1635 1364 quin
1684 1265 1829 1355 ille,
1874 1267 2127 1342 sedens
2172 1294 2301 1367 pro
2352 1267 2711 1355 tribunali,

757 1395 812 1430 ‘⁴
847 1405 972 1459 aut
995 1383 1368 1471 arbitrum,
1415 1407 1542 1458 aut
1576 1384 1870 1460 tacitum
1906 1385 2361 1484 spectatorem
2388 1386 2711 1462 comitio-

759 1516 812 1550 “
851 1529 1010 1580 rum
1035 1502 1106 1577 se
1125 1508 1486 1601 praeberet
1510 1507 1581 1591 ;'’
1614 1505 1915 1580 coerceri
1949 1527 2185 1581 tamen
2217 1511 2309 1582 ab
2340 1507 2557 1582 effuso
2578 1507 2713 1581 stu·

753 1627 880 1702 dio
929 1623 1232 1722 nequiit.
1333 1624 1629 1724 Magnis
1654 1625 2236 1702 contentionibus
2268 1625 2713 1702 tribunorum

752 1771 1046 1846 quoque
1099 1742 1358 1842 plebei,
1413 1745 1544 1842 qui
1578 1765 1701 1819 aut
1732 1765 1977 1820 contra
2014 1744 2410 1834 consulem,
2444 1767 2565 1820 aut
2588 1771 2713 1844 pro

751 1865 992 1942 studio
1023 1865 1172 1961 ejus
1203 1867 1647 1964 pugnabant,
1684 1865 1975 1941 comitia
1998 1867 2374 1966 aliquoties
2408 1869 2708 1940 turbata:

751 1988 984 2060 donec
1011 1983 1306 2084 pervicit
1339 1984 1653 2082 AppiuS,
1682 2005 1791 2074 ut,
1826 1987 2103 2082 dejecto
2134 1986 2385 2073 Fabio,
2432 1985 2709 2060 fratrem

749 2108 1069 2180 traheret.
1197 2105 1489 2178 Creatus
1551 2107 1631 2180 P.
1666 2105 2016 2181 Claudius
2080 2107 2390 2180 Pulcher
2454 2127 2711 2203 praeter

748 2226 942 2324 spem
979 2223 1172 2299 suam
1199 2225 1274 2297 δι
1293 2247 1717 2300 ceterorum.
1816 2228 2105 2300 Locum
2132 2224 2339 2299 suum
2370 2225 2597 2300 tenuit
2618 2229 2707 2300 L.

746 2345 1052 2422 Porcius
1111 2343 1442 2432 Licinus,
1503 2343 1677 2442 quia
1720 2344 2098 2421 moderatis
2134 2344 2413 2434 studiis,
2468 2371 2613 2419 non
2642 2344 2712 2418 vi

751 2465 1170 2552 Claudiana,
1237 2464 1416 2538 inter
1465 2465 1778 2562 plebejos
1830 2487 2177 2540 certatum
2210 2465 2332 2540 est.
2432 2469 2709 2541 Praeto-

747 2609 910 2660 rum
953 2585 1122 2658 inde
1160 2583 1452 2658 comitia
1483 2584 1647 2658 sunt
1678 2585 1940 2660 habita.
2040 2588 2125 2660 C.
2158 2584 2532 2681 Decimius
2563 2587 2711 2660 Fla-

745 2731 903 2792 vus,
963 2709 1046 2780 P.
1079 2702 1538 2801 Sempronius
1570 2707 1900 2803 Longus,
1952 2708 2036 2779 P.
2064 2705 2436 2780 Cornelius
2464 2709 2713 2781 Cethe-

745 2853 906 2928 guS,
959 2823 1412 2926 QNaevius
1457 2825 1745 2910 Matho,
1806 2826 1892 2899 C.
1926 2825 2385 2922 Sempronius
2420 2824 2713 2912 Blaesus,

747 2953 844 3024 A.
879 2943 1258 3020 Terentius
1293 2945 1538 3031 Varr0,
1568 2965 1915 3040 praetores
1948 2943 2135 3020 facti.
2235 2947 2445 3023 Haec
2478 2971 2571 3020 eo
2598 2973 2713 3022 an-

744 3094 868 3156 ne,
953 3091 1102 3165 quo
1148 3069 1291 3161 Ap.
1331 3063 1706 3152 Claudius,
1743 3067 1859 3138 M.
1898 3065 2355 3164 Sempronius
2406 3065 2719 3141 consules

733 3188 1050 3274 fuerunt,
1084 3183 1282 3260 domi
1317 3182 1755 3280 militiaeque
1788 3184 1997 3284 gesta.

842 3307 1198 3384 xxxlll.
1299 3303 1665 3402 Principio
1710 3303 2141 3403 insequentis
2172 3306 2340 3380 anni
2392 3309 2479 3380 P.
2512 3309 2719 3382 Clau-

745 3428 938 3514 dius,
973 3427 1068 3509 L.
1101 3422 1394 3498 Porcius
1419 3421 1765 3511 consules,
1803 3450 2033 3522 quum
2068 3427 2583 3526 QCaecilius,
2608 3429 2720 3502 M.

747 3545 1072 3630 Baebius,
1109 3547 1178 3617 ὅτ
1213 3542 1335 3617 Ti.
1369 3543 1855 3641 Sempronius,
1892 3545 2020 3644 qui
2054 3545 2145 3620 ad
2182 3545 2721 3646 disceptandum

745 3667 930 3740 inter
971 3663 1388 3762 Philippum
1421 3667 1488 3738 &
1527 3667 1931 3739 Eumenem
1968 3689 2162 3764 reges
2197 3667 2721 3742 Thessalorum-

745 3809 896 3884 que
919 3783 1234 3859 civitates
1267 3783 1443 3857 miffi
1473 3803 1701 3871 erant,
1734 3785 2161 3883 legationem
2187 3787 2721 3876 renunciaffent,

747 3931 1000 4004 regum
1068 3928 1362 4004 quoque
1421 3927 1673 3978 eorum
1724 3903 2270 4003 civitatiumque
2328 3907 2601 4007 legatos
2652 3909 2725 3982 in

743 4026 1068 4102 senatum
1101 4024 1674 4098 introduxerunt.
1778 4027 2055 4100 Eadem
2088 4011 2455 4125 utrimque
2488 4027 2727 4105 iterata

745 4172 928 4245 quae
979 4144 1172 4221 dieta
1199 4145 1394 4246 apud
1431 4145 1697 4246 legatos
1723 4143 1800 4219 in
1836 4146 2135 4222 Graecia
2165 4169 2382 4224 erant.
2482 4151 2726 4227 Aliam
