3100 5359
831 725 904 800 L
955 749 987 798 1
1045 749 1086 800 s
1143 749 1189 800 e
1243 747 1292 798 n
1391 723 1824 800 XXXVIII.
2180 751 2323 826 237

362 909 418 947 “
440 899 834 1000 jubeantne
903 926 1076 977 curn
1141 900 1366 976 Gallis
1426 902 1699 978 bellum
1760 899 1955 1001 geri?
2088 901 2329 975 Modo

361 1031 418 1066 “
453 1042 640 1098 certe
676 1019 996 1097 consules
1037 1021 1412 1097 Graeciam
1445 1043 1659 1121 atque
1700 1021 1943 1096 Asiam
1974 1021 2328 1096 volebant.

360 1133 414 1187 ‘'‘
452 1141 735 1217 Tamen
778 1141 1374 1241 perseverantibus
1411 1139 1643 1228 vobis,
1702 1139 2009 1241 Ligures
2040 1139 2323 1240 provin-

362 1269 418 1305 “
455 1261 643 1336 ciam
685 1263 1089 1351 decernere,
1125 1261 1322 1336 dicto
1355 1261 1725 1336 audientes
1754 1259 2063 1336 fuerunt.
2160 1263 2330 1336 Me·

360 1391 416 1425 ‘⁸
453 1380 590 1456 rito
638 1407 810 1481 ergo
850 1409 895 1456 a
933 1381 1168 1471 vobis,
1227 1381 1552 1481 prospere
1586 1382 1775 1456 bello
1802 1381 2024 1480 gesto,
2078 1381 2329 1456 trium·

361 1510 418 1544 “
455 1503 686 1599 phum
711 1522 976 1600 petent,
1005 1502 1270 1601 quibus
1299 1501 1711 1577 auctoribus
1740 1503 2161 1601 gefferunt.”

461 1619 775 1696 XLVII.
875 1621 1073 1696 Talis
1123 1621 1346 1697 oratio
1412 1623 1474 1697 F
1475 1621 1611 1696 urii
1680 1627 1751 1696 ὅτ
1816 1621 2113 1696 Aemilii
2170 1619 2331 1698 fuit.

361 1739 733 1816 Manlium
753 1741 830 1816 in
861 1739 960 1816 hu
970 1767 1060 1818 nc
1095 1742 1408 1818 maxime
1441 1745 1745 1818 modum
1774 1741 2191 1841 respondiffe
2214 1767 2333 1818 ac·

359 1861 714 1960 cepimus.
817 1873 868 1906 “
906 1862 1216 1938 Tribuni
1251 1861 1475 1962 plebis
1505 1884 1713 1936 antea
1742 1861 2055 1938 solebant
2082 1861 2333 1937 triurn-

365 1991 418 2026 “
456 1985 686 2081 phum
719 1981 1233 2079 postulantibus
1266 1981 1631 2072 adversari,
1668 1985 1903 2058 Patres
1934 1980 2333 2081 conscripti.

363 2112 418 2146 “
453 2102 746 2206 Qibus
779 2127 915 2202 ego
943 2101 1240 2202 gratiam
1275 2105 1529 2189 habeo,
1590 2104 1793 2200 quod
1826 2102 1943 2176 seu
1978 2101 2187 2190 mihi,
2210 2101 2329 2176 seu

365 2232 420 2268 ‘⁶
451 2220 931 2322 magnitudini
955 2247 1188 2298 rerum
1207 2221 1589 2322 gestarum,
1650 2226 1788 2316 hoc
1824 2223 2197 2311 dederunt,
2251 2241 2337 2296 ut

365 2351 420 2386 “
455 2367 603 2415 non
637 2340 865 2416 solum
897 2341 1168 2417 filentio
1199 2345 1745 2439 comprobarent
1789 2345 2133 2417 honorem
2182 2365 2335 2417 me·

371 2471 424 2506 ‘⁶
461 2485 618 2550 um,
683 2460 804 2538 sed
849 2461 1100 2537 referre
1125 2462 1367 2550 etiam,
1421 2465 1464 2535 fi
1493 2487 1675 2560 opus
1704 2463 1891 2550 effet,
1926 2461 2336 2537 viderentur

371 2593 424 2627 “
463 2582 686 2682 parati
737 2581 893 2658 effe.
995 2585 1113 2657 Ex
1165 2583 1420 2657 decem
1465 2581 1740 2682 legatis,
1800 2583 1851 2654 fi
1890 2581 2051 2657 Diis
2080 2584 2333 2681 placet,

369 2713 424 2747 ‘⁶
453 2704 656 2801 quod
700 2701 1066 2778 con-filium
1107 2700 1601 2800 dispensandae
1636 2701 2337 2800 cohonestandaeque

367 2831 425 2867 “
459 2822 794 2897 vicloriae
825 2822 1366 2922 imperatoribus
1399 2824 1692 2919 majores
1712 2823 2063 2898 dederunt
2096 2823 2334 2913 nostri,

369 2953 424 2987 “
458 2940 880 3017 adversarios
923 2941 1176 3018 habeo.
1303 2939 1396 3016 L.
1467 2943 1753 3031 Furius,
1820 2945 1913 3018 L.
1983 2942 2337 3019 Aemilius

370 3073 426 3107 “
461 3087 754 3141 currum
774 3061 1278 3161 triumphalem
1299 3087 1414 3136 me
1437 3061 1903 3138 conscendere
1930 3063 2335 3160 prohibent,
2436 3111 2441 3116 ·

367 3193 424 3228 “
459 3204 798 3258 coronam
842 3181 1189 3282 insignem
1235 3181 1448 3280 capiti
1483 3184 1907 3269 detrahunt,
1958 3207 2141 3281 quos
2170 3209 2334 3283 eg0,

371 3313 425 3348 ‘⁶
459 3307 505 3376 fi
541 3299 810 3378 tribuni
843 3325 960 3376 me
990 3301 1422 3400 triumphare
1465 3301 1945 3400 prohiberent,
1990 3303 2199 3378 testes
2220 3305 2335 3379 ·ci-

369 3433 424 3468 ‘⁸
461 3441 732 3497 taturus
799 3419 904 3496 fui
971 3447 1206 3496 rerum
1271 3449 1316 3496 a
1379 3445 1496 3498 me
1559 3422 1937 3523 gestarum.
2044 3423 2339 3500 Nullius

376 3553 428 3588 ‘⁶
463 3541 806 3640 equidem
839 3539 1128 3616 invideo
1146 3541 1428 3631 honori,
1463 3545 1701 3617 Patres
1716 3541 2125 3642 cmffoeifxi.
2192 3547 2339 3619 Vos

375 3672 428 3707 “
463 3661 788 3738 tribunos
811 3661 1051 3760 plebei
1085 3685 1335 3760 nuper,
1389 3662 1575 3736 viros
1619 3662 1831 3738 fornes
1872 3687 1953 3739 ac
1998 3663 2337 3753 strenuos,

374 3793 429 3828 “
460 3779 904 3881 inpedientes
929 3786 1042 3884 Q
1059 3781 1268 3858 Fabii
1295 3782 1655 3858 Labeonis
1674 3782 2149 3880 triumphurn,
2170 3809 2340 3860 auc·

375 3913 427 3948 ‘⁴
451 3902 740 3978 toritate
767 3901 990 3978 vestra
1013 3901 1462 3978 deta-ruistis.
1560 3902 2092 4002 Trimqshavit,
2116 3929 2340 4002 quem

379 4033 431 4068 ‘⁴
466 4047 615 4097 non
643 4023 914 4098 bellum
947 4021 1288 4119 injustum
1323 4023 1609 4122 geffifl'e,
1650 4021 1773 4098 fed
1798 4019 2073 4099 hostem
2106 4024 2338 4099 omni·

381 4153 434 4190 “
469 4167 566 4219 no
623 4167 772 4220 non
828 4141 1102 4234 vidifle,
1145 4142 1431 4221 inimici
1470 4145 1850 4244 fialam.
1952 4147 2149 4244 Ego,
2208 4143 2339 4245 qui
