3100 5359
772 699 914 773 250
1429 673 2061 751 T.L1v11

767 875 1000 948 quum
1054 847 1447 924 censebant.
1546 845 1809 924 Petillii
1856 845 2297 926 nobilitatem
2332 853 2400 925 ὅτ
2428 867 2743 950 regnum

769 967 846 1041 in
876 967 1112 1042 senatu
1147 969 1565 1068 Scipionum
1594 968 2033 1045 accusabant.
2134 975 2226 1046 L.
2265 971 2521 1046 Furius
2557 976 2741 1046 Pur·

765 1114 989 1190 puteo
1022 1087 1425 1177 consularis,
1460 1087 1590 1187 qui
1620 1088 1693 1161 in
1728 1091 1977 1164 decem
2009 1091 2249 1189 legatis
2284 1091 2356 1165 in
2386 1096 2551 1166 Asia
2577 1091 2737 1166 fue-

665 1281 675 1290 .
765 1232 895 1299 rat,
923 1210 1130 1285 latius
1163 1212 1562 1309 rogandum
1590 1209 1945 1286 censebatt
1976 1237 2120 1285 non
2146 1237 2326 1309 quae
2352 1217 2441 1286 ab
2470 1211 2737 1287 Antio-

766 1333 905 1406 cho
933 1331 1154 1404 modo
1178 1329 1521 1426 pecuniae
1556 1351 1797 1428 captae
1824 1331 2077 1418 forent,
2108 1331 2224 1405 sed
2255 1358 2435 1430 quae
2456 1335 2548 1406 ab
2574 1332 2734 1405 aliis

763 1451 1052 1553 regibus
1100 1450 1600 1552 gentibusque,
1636 1455 1774 1528 Cn.
1810 1453 2175 1527 Manlium
2210 1452 2591 1528 inimicum
2623 1453 2734 1525 in-

765 1574 1056 1648 cessens·
1159 1575 1254 1646 Et
1281 1575 1373 1647 L.
1408 1571 1675 1670 Scipio,
1710 1597 1927 1670 quem
1964 1572 2187 1672 magis
2220 1599 2350 1670 pro
2378 1570 2471 1661 se,
2509 1586 2758 1670 quam¹

763 1690 1088 1768 adversus
1112 1694 1370 1791 legem,
1394 1692 1755 1766 dicturum
1784 1695 2185 1790 adparebat,
2213 1691 2549 1767 dissuasor
2568 1719 2731 1792 pro·

762 1813 972 1888 ceffit.
1055 1815 1124 1887 Is
1189 1812 1344 1912 post
1403 1833 1705 1886 mortem
1770 1813 1851 1886 P.
1906 1811 2233 1887 Africani
2284 1812 2537 1902 fratri3‚
2598 1813 2733 1887 viri

760 1931 1090 2007 omnium
1124 1931 1464 2006 fortiffimi
1501 1931 2017 2030 clariffimique,
2078 1959 2232 2006 eam
2267 1953 2585 2007 exortam
2620 1959 2731 2008 ro·

758 2053 1116 2153 gationem
1169 2053 1269 2127 est
1327 2052 1777 2149 conquestuS.
1878 2063 1929 2095 ⁶⁶
1966 2055 2228 2126 Parum
2263 2053 2456 2127 enim
2494 2052 2728 2142 fuiffe,

760 2181 812 2216 ‘⁶
851 2198 998 2247 non
1030 2172 1295 2247 laudari
1319 2199 1444 2270 pro
1467 2171 1739 2246 Rostris
1775 2174 1854 2245 P.
1894 2169 2311 2246 Africanum
2351 2172 2505 2271 post
2538 2199 2730 2248 mor-

759 2303 812 2338 “
845 2315 1019 2381 tem,
1051 2292 1178 2366 nifi
1211 2292 1423 2366 etiam
1453 2291 1912 2366 accusaretur.
1979 2294 2073 2365 Et
2109 2292 2731 2392 Karthaginienses

758 2424 810 2458 ‘⁶
845 2412 1084 2488 exfilio
1111 2411 1539 2487 Hannibalis
1570 2433 1938 2487 contentos
1968 2411 2145 2485 effe:
2184 2413 2533 2510 populum
2569 2415 2729 2488 Ro·

785 2544 810 2577 ⁶
845 2558 1139 2606 manum
1173 2557 1265 2605 ne
1299 2553 1524 2606 morte
1554 2531 1852 2630 quidem
1890 2536 1971 2606 P.
1998 2531 2345 2630 Scipionis
2378 2529 2727 2623 exsatiari,

755 2662 806 2695 ‘⁶
843 2650 966 2725 nisi
1001 2651 1075 2722 ὅτ
1105 2651 1314 2750 ipfius
1347 2651 1536 2727 fama
1564 2651 1811 2750 sepulti
1847 2653 2213 2741 laceretur,
2276 2657 2345 2726 &
2380 2651 2585 2728 frater
2616 2653 2727 2727 in·

753 2781 806 2818 ⁶⁶
840 2771 1067 2869 super,
1133 2776 1422 2847 acceffio
1477 2772 1814 2861 invidiae,
1862 2774 2275 2846 mactetur?
2372 2775 2490 2847 M.
2541 2777 2726 2848 Cato

753 2891 952 2967 suafit
983 2887 1422 2992 rogationem
1456 2891 1706 2990 (exstat
1738 2891 1963 2965 oratio
1982 2891 2127 2987 ejus
2150 2893 2239 2965 de
2273 2892 2581 2990 pecunia
2614 2919 2719 2967 re-

751 3013 860 3113 gis
887 3011 1266 3108 Antiochi)
1294 3016 1362 3087 ὅτ
1387 3011 1796 3086 Mummios
1816 3011 2137 3086 tribunos
2158 3012 2573 3087 auctoritate
2594 3015 2718 3088 de⁴

751 3133 1022 3223 terruit,
1045 3159 1133 3208 ne
1164 3130 1683 3207 adversarentur
1706 3130 2077 3232 rogationi.
2150 3133 2717 3209 Remittentibus

749 3281 919 3356 ergo
938 3254 1048 3330 his
1069 3254 1649 3340 interceffionem,
1674 3277 1918 3327 omnes
1940 3251 2186 3341 tribuS‚
2210 3252 2317 3327 uti
2340 3257 2709 3354 rogaffent,

732 3377 1102 3474 jufferunt.

845 3495 1010 3571 LV.
1107 3497 1250 3570 Ser.
1282 3492 1605 3591 Sulpicio
1637 3491 1900 3566 deinde
1938 3490 2301 3581 referente,
2350 3519 2575 3594 quem·
2604 3521 2711 3571 ro·

747 3615 1030 3718 gatione
1089 3613 1370 3690 Petillia
1397 3602 1737 3712 ⁴quaerere
1786 3614 2073 3702 vellent,
2125 3619 2238 3716 Q
2282 3615 2707 3692 Terentium

746 3739 1168 3814 Culleonem
1197 3740 1433 3811 Patres
1447 3735 1707 3832 jufferu
1719 3755 1817 3808 nt.
1922 3735 2041 3808 Ad
2068 3737 2261 3810 hunc
2290 3756 2709 3833 praetorem,

743 3857 924 3933 adeo
954 3857 1267 3933 amicum
1302 3854 1671 3932 Corneliae
1698 3854 2027 3942 familiae,
2082 3876 2190 3945 ut,
2245 3855 2371 3954 qui
2428 3856 2707 3931 Romae

745 3997 1112 4054 mortuum
1165 3977 1575 4075 elatumque
1621 3977 1701 4050 P.
1744 3973 2154 4073 Scipionem
2212 3975 2343 4073 (est
2389 3977 2585 4051 enim
2630 3999 2713 4056 ea

745 4124 1036 4202 quoque
1063 4096 1279 4193 fama)
1311 4097 1625 4185 tradunt,
1654 4095 2022 4194 pileatum,
2044 4099 2219 4174 ficut
2244 4094 2321 4171 in
2342 4096 2710 4198 triumpho
