3100 5359
773 734 866 810 74
1429 708 2081 783 ·T.L1v11

767 885 862 957 L.
891 878 1312 981 Apustium,
1383 884 1471 957 C.
1501 880 1919 959 Fabricium
1974 879 2406 971 Luscinum,
2472 880 2604 981 qui
2656 909 2753 959 ex

764 1029 888 1077 ora
919 1000 1276 1077 maritima
1299 1001 1629 1100 undique
1656 1028 1867 1077 naves
1894 1002 2347 1077 Brundifium
2376 1006 2745 1079 contrahe-

763 1145 951 1197 rent:
1013 1124 1119 1211 &,
1151 1122 1492 1198 omnibus
1511 1124 1663 1220 jain
1696 1122 1979 1223 paratis,
2038 1124 2415 1221 paludatus
2446 1126 2537 1199 ab
2562 1128 2747 1201 urbe

763 1243 866 1319 est
921 1241 1300 1341 profectus.
1402 1244 1528 1317 Ad
1557 1243 1885 1343 quinque
1914 1243 2139 1319 millia
2166 1244 2737 1323 voluntariorum

763 1390 856 1439 ex
897 1362 1252 1439 Romanis
1295 1361 1669 1463 sociisque,
1724 1363 1855 1463 qui
1900 1362 2195 1439 emerita
2226 1363 2578 1463 stipendia
2610 1366 2741 1443 sub

761 1484 1180 1585 imperatore
1239 1488 1323 1560 P.
1361 1484 1712 1561 Africano
1762 1488 2147 1574 habebant,
2202 1486 2475 1586 praesto
2536 1486 2735 1563 fuere

757 1605 1050 1681 exeunti
1097 1605 1396 1695 consuli,
1465 1610 1534 1681 δι
1596 1604 1892 1681 nomina
1940 1609 2318 1683 dederunt.
2424 1610 2563 1683 Per
2618 1636 2745 1686 eos

759 1726 939 1815 dies,
1007 1716 1404 1827 quibus'est
1434 1724 1793 1827 profectus
1818 1729 1913 1802 ad
1946 1729 2219 1803 bellum
2240 1729 2515 1819 consul,
2546 1728 2741 1805 ludis

759 1846 1322 1946 Apollinaribus,
1378 1868 1540 1922 ante
1576 1848 1773 1923 diem
1807 1848 2149 1948 quintum
2182 1851 2357 1925 Idus
2398 1849 2743 1952 Qincti-

757 1970 884 2059 les,
951 1971 1156 2044 coelo
1176 1967 1416 2043 sereno
1449 1968 1764 2043 interdiu
1798 1968 2168 2045 obscurata
2198 1970 2331 2044 lux
2348 1970 2475 2059 est,
2502 1996 2741 2070 quum

753 2092 928 2165 luna
983 2088 1114 2165 sub
1167 2092 1416 2166 orbem
1478 2088 1639 2164 solis
1690 2088 1998 2167 subiss‘et.
2100 2093 2197 2165 Et
2249 2093 2344 2167 L.
2378 2092 2741 2169 Aetnilius

755 2210 1112 2312 Regillus,
1163 2210 1284 2287 cui
1339 2210 1603 2285 navalis
1646 2210 2015 2310 provincia
2064 2234 2416 2301 evenerat,
2476 2214 2739 2289 eodem

753 2354 1070 2431 tempore
1099 2331 1456 2431 profectus
1488 2330 1613 2407 est.
1710 2334 1807 2407 L.
1832 2334 2328 2430 Aurunculejo
2360 2332 2737 2435 negotium

749 2455 842 2528 ab
877 2452 1114 2528 senatu
1171 2455 1422 2528 datum
1483 2452 1610 2541 est,
1670 2472 1752 2526 ut
1800 2451 2090 2553 triginta
2140 2452 2733 2554 quinqueremeS,

747 2572 1007 2672 viginti
1057 2572 1370 2648 triremes
1431 2571 1728 2661 faceret3
1782 2572 1956 2672 quia
2006 2572 2197 2649 fama
2247 2594 2415 2662 erat,
2470 2575 2733 2651 Antio·

748 2696 970 2769 chum
1004 2693 1160 2791 post
1209 2692 1565 2791 proelium
1600 2696 1840 2769 navale
1876 2696 2214 2792 majorem
2266 2697 2549 2771 class‘em
2597 2694 2727 2771 ali-

749 2834 1022 2912 quanto
1053 2838 1386 2912 reparare.
1487 2814 1759 2903 Aetoli,
1795 2814 2173 2915 postquam
2204 2814 2417 2917 legati
2450 2820 2541 2891 ab
2564 2818 2727 2891 Ro-

749 2960 866 3009 ma
890 2936 1305 3023 retulerunt,
1333 2936 1604 3009 nullam
1632 2934 1825 3034 spem
1860 2937 2055 3035 pacis
2084 2938 2245 3024 efl'e,
2280 2962 2727 3036 quamquam

745 3054 980 3131 omnis
1011 3080 1131 3131 ora
1149 3054 1502 3131 maritima
1525 3081 1805 3145 eorum,
1840 3056 2122 3155 quaein
2154 3056 2723 3156 Peloponnesum

739 3176 932 3254 versa
989 3176 1116 3266 est,
1179 3178 1611 3276 depopulata
1668 3179 1761 3252 ab
1821 3176 2131 3252 Achaeis
2182 3198 2355 3267 erat,
2416 3177 2718 3278 periculi

741 3298 992 3399 tnagis,
1039 3324 1260 3397 quam
1293 3297 1571 3386 damni,
1600 3324 1974 3386 memores,
2022 3320 2107 3372 ut
2131 3298 2484 3374 Romanis
2498 3298 2719 3375 inter-

740 3420 1111 3494 cluderent
1163 3418 1320 3507 iter,
1385 3421 1731 3494 Coracem
1784 3438 2105 3493 montem
2164 3442 2717 3519 occupaverunt.

739 3542 1002 3638 Neque
1031 3538 1226 3615 enim
1261 3538 1716 3627 dubitabant,
1740 3540 1833 3615 ad
1860 3539 2477 3639 obpugnationem
2512 3544 2591 3616 N
2590 3566 2713 3616 au-

737 3659 924 3761 pacti
969 3686 1090 3735 eos
1141 3658 1498 3759 principio
1549 3658 1731 3735 veris
1780 3659 2131 3735 redituros
2182 3662 2341 3736 effe.
2440 3660 2711 3751 Acilio,

738 3781 981 3883 quiid
1031 3780 1410 3880 exspectari
1455 3778 1743 3869 sciebat,
1792 3778 2001 3855 satius
2028 3778 2261 3856 visum
2300 3780 2427 3871 est,
2480 3781 2714 3882 inopi-

727 3924 962 3977 natam
993 3901 1286 4001 adgredi
1311 3926 1489 3989 rem,
1523 3900 1603 3973 ὅτ
1628 3901 1961 3977 Lamiam
1994 3905 2454 4002 obpugnare.
2502 3905 2699 3979 Nam

731 4023 807 4097 &
837 4050 880 4098 a
925 4022 1264 4123 Philippo
1309 4046 1532 4122 prope
1566 4023 1658 4095 ad
1690 4021 2063 4097 excidium
2116 4024 2465 4099 adductos
2519 4025 2705 4110 effe3

733 4148 800 4220 &
827 4166 1006 4221 tunc
1040 4170 1128 4218 eo
1156 4142 1334 4243 ipso,
1387 4144 1591 4243 quod
1625 4142 1807 4217 nihil
1836 4146 1973 4218 tale
2000 4141 2360 4233 timerent,
2392 4143 2709 4245 obprimi
