3100 5359
730 728 878 807 324
1400 700 2043 779 T.L1v11

731 876 1000 967 monia,
1045 876 1122 951 in
1171 876 1511 978 patientia
1560 877 1845 969 laboris,
1896 878 2225 978 periculi,
2240 876 2461 969 ,ferrei
2485 902 2723 983 prope

731 997 1044 1099 corporis
1099 998 1502 1097 animique:
1558 1024 1779 1098 quem
1834 1026 1925 1075 ne
1992 999 2311 1077 senefius
2376 1000 2717 1100 quidem,

734 1146 920 1219 quae
947 1118 1150 1195 solvit
1193 1119 1461 1209 omnia,
1509 1118 1819 1221 fregerit.
1920 1120 2075 1223 Qi
2100 1119 2381 1197 sextum
2402 1122 2480 1195 δι
2512 1124 2717 1197 oao-

733 1245 1080 1342 gefimum
1113 1266 1388 1315 annum
1419 1245 1635 1340 agens
1660 1243 1968 1317 cauffiun
1990 1240 2283 1334 dixerit,
2314 1240 2462 1342 ipse
2488 1268 2625 1342 pro
2650 1240 2721 1317 fe

735 1360 1072 1451 oraverit,
1109 1361 1595 1461 scripseritque
1620 1395 1641 1435 ε
1692 1366 2143 1463 nonagesimo
2160 1390 2351 1441 anno
2368 1366 2515 1439 Ser.
2544 1364 2723 1439 Gal-

734 1486 903 1561 bam
927 1484 1022 1557 ad
1053 1481 1304 1583 populi
1337 1482 1720 1559 adduxerit
1739 1483 2129 1580 judicium.

831 1602 1040 1679 XLI.
1141 1605 1402 1691 Hunc,
1455 1606 1629 1679 ficut
1670 1605 1871 1679 omn-i
1916 1603 2087 1703 vita,
2146 1624 2305 1679 tum
2350 1623 2725 1703 petentem

735 1726 1104 1823 premebat
1133 1721 1496 1797 nobilitasz
1550 1729 2005 1823 coierantque
2068 1729 2369 1824 (praeter
2400 1724 2493 1800 L.
2514 1728 2725 1801 Flac-

737 1868 938 1934 cum,
993 1842 1121 1943 qui
1169 1844 1442 1942 collega
1492 1842 1571 1917 in
1632 1842 2001 1919 consulatu
2040 1842 2297 1940 fuerat)
2354 1843 2725 1920 candidati

735 1990 984 2043 omnes
1035 1964 1127 2038 ad
1170 1962 1659 2060 dejiciendum
1710 1966 1983 2040 honore
2038 1992 2251 2053 eun-13
2304 1992 2455 2040 non
2486 1965 2723 2043 solum

735 2105 822 2162 ut
847 2084 972 2185 ipsi
1004 2083 1244 2183 potius
1277 2082 1855 2181 adipiscerentur,
1884 2076 2023 2163 nec
2044 2086 2217 2185 quia
2242 2086 2721 2185 indignaban-

738 2227 856 2281 tur
889 2230 1162 2280 novum
1201 2204 1571 2279 hominem
1608 2205 1967 2297 censorem
2008 2205 2295 2295 videre3
2346 2205 2469 2281 sed
2502 2204 2723 2281 etiam

738 2326 940 2426 quod
967 2323 1234 2399 tristem
1262 2325 1652 2414 censuram,
1686 2324 2293 2427 periculosamque
2322 2328 2725 2401 multorum

739 2446 996 2535 famae,
1047 2449 1116 2520 ὅτ
1137 2447 1230 2519 ab
1259 2443 1441 2521 laeso
1474 2471 1516 2521 a
1545 2442 1923 2545 plerisque,
1957 2448 2031 2521 &
2052 2446 2379 2523 laedendi
2412 2446 2725 2547 cupido,

742 2566 1258 2667 exspec'tabant.
1379 2565 1671 2641 Etenim
1721 2587 1882 2643 tum
1936 2593 2229 2667 quoque
2280 2566 2728 2643 minitabun-

745 2688 884 2761 dus
917 2688 1230 2783 petebat,
1259 2694 1312 2729 ‘⁸
1347 2684 1675 2786 refragari
1708 2687 1860 2774 fibi,
1896 2684 2023 2787 qui
2044 2687 2339 2763 liberam
2363 2688 2439 2763 δε
2466 2686 2729 2763 fortem

745 2816 798 2852 ‘⁶
833 2803 1196 2881 censuram
1225 2805 1630 2894 timerent,”
1684 2804 2153 2883 criminando
2235 2810 2353 2882 ·Et
2386 2808 2595 2883 fimul
2630 2809 2729 2883 L.

747 2926 1030 3002 Valerio
1085 2925 1642 3026 subfragabatur.
1744 2936 1796 2971 ‘⁸
1832 2929 1968 3002 Illo
2016 2954 2165 3003 uno
2216 2929 2491 3025 collega
2514 2926 2731 3003 casti-

753 3058 808 3093 “
843 3072 1005 3148 gare
1053 3046 1122 3121 se
1180 3072 1366 3123 nova
1413 3046 1709 3146 flagitia,
1750 3051 1821 3122 ὅτ
1854 3046 2111 3147 priscos
2138 3070 2367 3123 mores
2398 3074 2737 3125 revocare

753 3179 808 3217 ⁶‘
841 3170 1102 3267 poffe.'’
1173 3166 1320 3242 His
1339 3171 1607 3243 accenfi
1626 3167 1983 3257 homines,
2014 3166 2297 3245 adversa
2320 3168 2731 3259 nobilitate,

749 3314 902 3364 non
953 3290 1072 3365 M.
1130 3287 1470 3363 Porcium
1521 3289 1747 3363 modo
1796 3284 2153 3363 censorem
2212 3286 2563 3376 fecerunt,
2608 3289 2735 3365 sed

753 3408 970 3485 etiam
1021 3410 1370 3508 collegam
1423 3408 1488 3483 ei
1539 3412 1636 3483 L.
1672 3408 2037 3485 Valerium
2082 3410 2423 3486 Flaccum
2455 3411 2735 3507 adjece-

747 3549 940 3605 runt.
1002 3532 1418 3619 Secundum
1454 3528 1749 3605 comitia
1778 3530 2153 3605 censorum
2182 3529 2500 3607 consules
2534 3556 2735 3629 prae·

755 3647 1084 3747 toresque
1141 3650 1219 3725 in
1277 3648 1675 3749 provincias
1729 3648 2027 3748 profeffi
2084 3650 2271 3740 sunt,
2328 3671 2603 3751 praeter
2632 3658 2755 3753 Q

757 3770 1153 3859 Naevium,
1175 3796 1395 3870 quem
1421 3790 1731 3869 quatuor
1754 3796 1902 3845 non
1928 3770 2171 3845 minus
2194 3769 2489 3860 menseS,
2508 3771 2737 3870 prius-

761 3912 982 3991 quam
1010 3890 1088 3965 in
1109 3890 1501 3966 Sardiniam
1523 3892 1680 3979 iret,
1708 3890 2151 3989 quaestiones
2172 3892 2529 3981 veneficii,
2556 3918 2737 3993 qua-

761 4034 928 4088 rum
981 4036 1314 4112 magnam
1366 4033 1637 4111 partem
1670 4032 1867 4087 extra
1900 4016 2153 4088 urbem
2184 4038 2313 4111 per
2338 4012 2741 4113 municipia

765 4131 1388 4231 conciliabulaque
1453 4131 1732 4221 habuit,
1816 4132 1991 4231 quia
2056 4133 2157 4209 ita
2210 4132 2443 4233 aptius
2500 4132 2737 4209 visum
