3100 5359
828 713 903 786 L
953 735 980 784 1
1040 736 1080 784 B
1139 737 1184 784 E
1239 736 1285 784 R
1387 712 1776 786 XXXVII.
2186 739 2316 813 127

349 913 580 964 cornu
617 884 862 962 locatis
893 884 1179 975 auxilia,
1216 891 1282 960 ὅτ
1316 885 1670 962 sexdecim
1708 884 2057 984 elephanti
2088 884 2320 961 modi-

345 1035 446 1084 co
481 1008 847 1082 intervallo
880 1005 1234 1080 distantes,

455 1129 659 1202 XLI.
711 1130 876 1200 Rex
901 1124 1040 1224 ipse
1065 1125 1140 1198 in
1167 1127 1457 1200 dextero
1485 1151 1703 1198 cornu
1734 1145 1909 1198 erat:
1946 1127 2321 1200 Seleucum

349 1247 590 1322 filium
626 1251 693 1319 &
729 1245 1192 1343 Antipatrum
1246 1242 1467 1318 fratris
1501 1244 1733 1316 filium
1789 1243 1863 1317 in
1898 1247 2093 1318 laevo
2126 1271 2317 1342 prae-

351 1366 630 1467 posuit:
682 1365 918 1440 media
965 1364 1148 1438 acies
1202 1364 1425 1439 tribus
1473 1362 1817 1460 permista,
1866 1355 2211 1452 Minioni,
2250 1370 2319 1438 &

355 1486 702 1573 Zeuxidi,
729 1491 796 1559 ὅτ
825 1484 1154 1582 Philippo
1175 1483 1503 1582 magistro
1528 1485 2085 1580 elephantorum.
2169 1489 2317 1561 Ne-

358 1609 530 1682 bula
565 1604 934 1693 matutina,
971 1603 1315 1678 crescente
1351 1604 1466 1678 die
1501 1607 1723 1677 levata
1756 1604 1827 1678 in
1865 1609 2115 1693 nubes,
2152 1605 2318 1680 cali-

357 1726 602 1826 ginem
636 1726 858 1800 dedit.
958 1729 1253 1799 Humor
1289 1724 1477 1812 inde,
1529 1729 1619 1798 ab
1654 1724 1881 1798 austro
1913 1728 2133 1814 velut,
2166 1751 2318 1825 per-

355 1845 548 1919 fudit
596 1845 858 1919 omnia.
957 1850 1162 1945 Qae
1213 1843 1388 1918 nihil
1465 1845 1859 1919 admodum
1944 1844 2316 1933 RomaniS‚

357 1965 608 2038 eadem
659 1965 1244 2062 perincommoda
1293 1963 1499 2061 regiis
1549 1986 1768 2038 erant.
1870 1964 2059 2037 Nam
2090 1970 2155 2038 &
2192 1968 2319 2040 ob-

359 2085 644 2160 scuritas
673 2084 853 2160 lucis
886 2085 960 2157 in
993 2084 1141 2158 acie
1177 2083 1460 2158 modica
1495 2083 1843 2157 Romanis
1877 2108 2018 2155 non
2052 2082 2319 2157 adime-

357 2209 479 2280 bat
513 2203 584 2278 in
630 2231 876 2279 ornnes
924 2225 1150 2302 partes
1177 2201 1683 2300 conspectum3
1737 2206 1805 2274 ὅτ
1852 2205 2135 2292 humor,
2170 2224 2322 2278 toto

357 2324 502 2398 fere
537 2323 729 2422 gravi
763 2345 1054 2409 armatu,
1089 2322 1266 2396 nihil
1295 2321 1565 2421 gladios
1596 2343 1719 2396 aut
1751 2322 1893 2421 pila
1924 2324 2318 2397 hebetabat.

357 2443 606 2543 Regii,
643 2464 788 2518 tam
822 2443 957 2516 lata
986 2441 1161 2529 acie,
1198 2468 1286 2516 ne
1316 2467 1406 2516 ex
1441 2442 1682 2516 medio
1715 2441 2013 2540 quidem
2058 2465 2323 2517 cornua

353 2562 480 2638 sua
505 2561 1036 2660 circumspicere
1087 2582 1428 2659 poterant,
1481 2564 1751 2636 nedum
1802 2563 2093 2638 extremi
2142 2563 2323 2638 inter

353 2684 426 2757 se
475 2682 1079 2780 conspicerentur:
1159 2687 1227 2755 ὅτ
1272 2685 1530 2757 humor
1580 2709 1777 2758 arcus
1824 2683 2217 2783 fundasque
2253 2688 2321 2758 ὅτ

340 2805 752 2901 jaculorum
813 2821 1091 2876 amenta
1141 2801 1547 2876 emollierat.
1652 2805 1965 2880 Falcatae
2032 2830 2325 2904 quoque

353 2921 1050 3022 quadrigae,quibus
1077 2921 1141 2996 se
1169 2926 1740 3019 perturbaturum
1766 2925 2073 2999 hostium
2100 2925 2325 2999 aciem

353 3043 764 3119 Antiochus
821 3041 1236 3130 crediderat,
1289 3041 1364 3115 in
1399 3041 1555 3116 suos
1586 3063 1911 3118 terrorem
1944 3067 2318 3120 verterunt.

357 3169 694 3238 Armatae
745 3182 980 3236 autem
1029 3161 1102 3234 in
1166 3164 1362 3236 hunc
1412 3163 1720 3237 maxime
1778 3166 2078 3238 modum
2104 3186 2321 3239 erant.

353 3281 704 3380 Cuspides
755 3281 938 3355 circa
985 3303 1344 3355 temonem
1395 3285 1484 3357 ab
1549 3284 1731 3383 jugo
1782 3285 2030 3358 decem
2082 3285 2323 3360 cubita

354 3403 724 3489 exstanteS,
759 3402 954 3474 velut
996 3427 1288 3490 cornua,
1321 3404 1709 3490 habebant;
1763 3403 2052 3501 quibuS,
2108 3403 2319 3501 quid-

353 3521 540 3621 quid
573 3520 872 3595 obvium
908 3521 1210 3609 daretur,
1259 3523 1759 3620 transfigerent.
1866 3526 1961 3597 Et
1992 3521 2067 3596 in
2099 3545 2325 3598 extre·

355 3641 492 3715 mis
507 3639 703 3739 jugis
735 3639 939 3713 binae
972 3640 1158 3714 circa
1207 3640 1613 3716 eminebant
1640 3642 1851 3717 falces
1882 3676 1906 3730 3
1956 3644 2164 3716 altera
2211 3669 2324 3718 ae-

357 3783 575 3859 quata
619 3762 827 3858 juge,
863 3762 1073 3833 altera
1108 3759 1395 3833 inferior
1428 3760 1502 3833 in
1538 3780 1786 3834 terram
1814 3764 2124 3836 devexa:
2178 3762 2320 3851 illa,

353 3901 465 3968 ut,
525 3879 890 3977 quidquid
941 3883 1034 3954 ab
1085 3881 1291 3953 latere
1340 3879 1785 3976 objiceretur,
1842 3881 2319 3970 abscinderet:

352 4001 553 4086 haec,
579 4019 663 4073 ut
688 3997 1034 4098 prolapsos
1056 3997 1573 4097 subeuntesque
1600 3999 2060 4101 contingeret.
2141 4005 2321 4076 Item

351 4123 446 4194 ab
489 4118 744 4194 axibus
803 4142 1112 4195 rotarum
1169 4119 1530 4219 utrimque
1575 4119 1782 4195 binae
1816 4123 2069 4196 eodem
2104 4123 2323 4196 modo
