3100 5359
810 701 897 795 76
1464 695 2104 768 T.L1v11

804 869 999 944 ribus
1028 869 1232 943 fimul
1264 867 1438 944 locis
1458 867 1632 942 aries
1663 870 2175 942 admovebatur
2187 901 2210 955 3
2247 871 2316 940 ὅτ
2339 891 2571 965 quum
2605 892 2806 966 qua·

804 1010 1114 1063 terentur
1167 987 1384 1076 muri,
1446 987 1626 1062 nihil
1686 986 2010 1062 adversus
2064 988 2200 1061 tale
2241 986 2803 1062 machinationis

800 1136 1024 1208 genus
1044 1133 1307 1207 parare,
1342 1131 1465 1182 aut
1488 1106 1931 1183 comminisci
1955 1107 2298 1206 oppidani
2321 1110 2796 1183 conabantur.

802 1229 1061 1304 Omnis
1095 1227 1243 1327 spes
1266 1228 1341 1302 in
1374 1227 1673 1302 armis&
1703 1227 2002 1302 audacia
2026 1249 2192 1302 erat.
2261 1228 2797 1326 Eruptionibus

802 1347 1064 1423 crebris
1098 1353 1167 1424 ὅτ
1204 1347 1531 1422 stationes
1562 1346 1901 1436 hostium,
1939 1352 2006 1421 ὅτ
2037 1373 2158 1422 eos
2185 1347 2392 1446 ips05,
2439 1349 2567 1448 qui
2597 1349 2798 1424 circa

802 1495 1012 1568 opera
1052 1473 1121 1544 ὅτ
1170 1467 1531 1543 machinas
1567 1489 1786 1555 erant,
1838 1471 2242 1543 turbabant.

900 1591 1026 1664 VI.
1129 1588 1393 1663 Multis
1445 1611 1684 1662 tamen
1718 1588 1895 1663 locis
1948 1614 2196 1662 murus
2231 1591 2554 1664 decuffus
2607 1611 2785 1678 erat,

798 1733 1031 1806 quum
1065 1710 1383 1784 adlatum
1418 1708 1542 1796 est,
1580 1706 2063 1796 successorem,
2099 1709 2526 1807 Apolloniae
2559 1736 2785 1808 expo-

798 1832 923 1904 fito
971 1829 1313 1917 exercitu,
1370 1854 1495 1927 per
1555 1829 1860 1926 Epirum
1906 1855 1988 1903 ac
2043 1829 2469 1904 Thessaliam
2519 1829 2788 1906 venire.

802 1953 996 2026 Cum
1048 1949 1392 2025 tredecim
1458 1948 1779 2024 millibus
1850 1948 2178 2047 peditum
2243 1955 2313 2024 &
2367 1949 2785 2050 quingentis

800 2070 1171 2170 equitibus
1229 2069 1473 2145 consul
1508 2069 1858 2144 veniebat.
1960 2071 2124 2165 Jam
2160 2071 2236 2143 in
2265 2073 2489 2144 finum
2519 2069 2781 2144 Malia-

799 2218 970 2266 cum
1004 2212 1320 2266 venerat:
1377 2194 1444 2263 δι
1478 2189 1853 2287 praemiffis
1881 2192 2280 2288 Hypatam,
2334 2189 2463 2289 qui
2508 2191 2781 2264 tradere

794 2315 1049 2387 urbem
1092 2314 1455 2408 juberent,
1509 2309 1886 2408 postquam
1937 2309 2341 2408 responsum
2375 2310 2501 2398 est,
2567 2309 2775 2401 nihil,

799 2433 923 2507 nist
986 2459 1077 2505 ex
1136 2430 1508 2506 communi
1556 2431 1980 2504 Aetolorum
2048 2432 2360 2517 decret0,
2431 2429 2777 2519 factur033

800 2581 889 2628 ne
918 2573 1183 2626 teneret
1227 2551 1294 2624 se
1327 2549 1775 2649 obpugnatio
1811 2553 2173 2648 Hypatae,
2232 2552 2560 2625 nondum
2593 2557 2774 2626 Am-

798 2671 1019 2771 phissa
1054 2691 1353 2769 recepta,
1389 2669 1757 2767 praemiffo
1789 2669 1994 2744 fratre
2030 2670 2400 2760 Africano,
2439 2672 2778 2771 Amphis-

796 2792 939 2866 sam
976 2789 1199 2865 ducit.
1301 2791 1451 2863 Sub
1477 2792 1868 2864 adventurn
1891 2816 2139 2864 eorum
2166 2791 2536 2890 oppidani,
2571 2792 2776 2868 relic-

799 2934 869 2986 ta
900 2913 1104 2997 urbe,
1146 2910 1316 3007 (jam
1350 2909 1543 2984 enim
1572 2936 1829 3009 magna
1863 2935 1952 2982 ex
1985 2932 2176 3009 parte
2199 2913 2464 2986 nudata
2501 2914 2775 2987 moeni-

796 3037 932 3107 bus
968 3032 1141 3126 erat)
1184 3029 1259 3104 in
1285 3055 1545 3118 arcem,
1583 3057 1800 3128 quam
1823 3030 2458 3130 inexpugnabilem
2481 3035 2776 3124 habent,

798 3180 1045 3228 omnes
1082 3149 1326 3227 armati
1371 3173 1588 3249 atque
1644 3149 1948 3225 inermes
1987 3154 2403 3227 concessere.
2505 3153 2775 3250 Consul

798 3273 920 3348 sex
953 3272 1177 3348 millia
1208 3271 1426 3348 ferme
1461 3271 1787 3368 paffuum
1822 3270 1991 3345 inde
2045 3271 2283 3370 posuit
2315 3272 2556 3348 castra.
2662 3277 2777 3348 Eo

795 3393 1009 3494 legati
1078 3390 1547 3468 Athenienses
1625 3390 1944 3489 primum
2024 3393 2118 3465 ad
2201 3394 2281 3466 P.
2337 3392 2774 3491 Scipionem,

792 3516 1261 3615 praegreffum
1296 3539 1581 3612 agmen,
1617 3515 1821 3608 (ficut
1847 3534 2005 3585 ante
2029 3511 2305 3587 dictum
2342 3513 2470 3610 est)
2510 3515 2775 3592 deinde

794 3637 887 3710 ad
936 3633 1297 3710 consulem
1344 3653 1719 3718 venerunt,
1774 3635 2228 3730 deprecantes
2283 3660 2414 3732 pro
2472 3637 2771 3714 Aetolis,

796 3753 1234 3829 Clementius
1266 3751 1673 3850 responsum
1707 3755 1798 3826 ab
1830 3751 2176 3828 Africano
2211 3757 2558 3829 tulerunt:
2612 3757 2770 3856 qui,

793 3874 1096 3950 caussam
1156 3872 1610 3970 relinquendi
1646 3873 1935 3947 honeste
1972 3873 2286 3948 Aetolici
2341 3876 2510 3951 belli
2555 3855 2770 3974 quae-

794 4020 977 4082 renS,
1032 3996 1264 4067 Asiam
1302 3994 1378 4064 δε
1426 4018 1664 4091 regem
1701 3993 2150 4068 Antiochum
2209 3994 2585 4093 spectabat,
2625 3996 2771 4095 jus-

788 4113 1102 4212 seratque
1165 4112 1658 4202 AthenienseS,
1736 4140 1884 4188 non
1935 4115 2286 4190 Romanis
2334 4115 2593 4207 solum,
2681 4141 2764 4192 ut
