3100 5359
861 721 936 794 L
977 745 1006 793 1
1053 743 1096 795 Β
1145 744 1190 794 Ε
1235 743 1282 794 ιι
1388 719 1780 794 XXXVII.
2186 746 2318 821 137

337 897 606 974 ercitus
659 898 1036 972 Romanus
1083 916 1242 972 tum
1296 896 1615 996 primum
1668 896 1747 972 in
1793 894 1959 973 Afia
1990 897 2320 997 posuiffet

337 1017 585 1105 castra,
619 1039 704 1093 ut
729 1043 812 1092 ea
843 1043 948 1092 res
968 1016 1289 1116 prospera
1309 1019 1579 1092 &laeta
1596 1017 1929 1094 eveniret.
2029 1017 2319 1096 Vicenis

335 1139 730 1236 majoribus
763 1137 1008 1212 hostiis
1043 1138 1118 1212 in
1151 1137 1454 1238 singulas
1495 1137 2041 1236 supplicationes
2067 1139 2321 1216 sacrifi-

335 1287 498 1335 care
551 1257 795 1336 consul
835 1259 937 1334 est
974 1259 1222 1356 juffus.
1334 1260 1512 1334 Inde
1578 1257 1965 1336 consularia
2030 1261 2326 1338 comitia

337 1407 606 1482 magna
631 1379 1086 1455 contentione
1107 1379 1368 1456 habita.
1470 1383 1589 1454 M.
1616 1380 1975 1456 Aemilius
1995 1384 2323 1482 Lepidus

335 1505 640 1602 petebat.
658 1499 940 1575 adversa
971 1499 1158 1576 fama
1187 1500 1597 1590 hominum,
1650 1504 1853 1600 quod
1879 1503 2321 1602 provinciam

336 1622 658 1698 Siciliam
679 1621 970 1721 petendi
993 1623 1250 1710 cauffa,
1285 1647 1432 1696 non
1453 1621 1776 1697 consulto
1796 1621 2064 1715 senatu,
2092 1649 2176 1702 ut
2194 1628 2325 1704 fibi

338 1743 424 1818 id
459 1742 684 1818 facere
719 1742 986 1832 liceret,
1021 1742 1426 1841 reliquiffet.
1526 1745 1873 1818 Petebant
1904 1772 2075 1821 cum
2098 1773 2183 1823 eo
2205 1751 2324 1826 M.

340 1863 650 1940 Fulvius
669 1862 1032 1951 Nobilior,
1062 1866 1199 1937 Cn.
1229 1862 1554 1938 Manlius
1585 1863 1831 1953 Vuls0,
1868 1868 1985 1942 M.
2010 1869 2329 1948 Valerius

339 1987 689 2060 Meffalla.
788 1983 1090 2059 Fulvius
1166 1981 1410 2059 consul
1495 2009 1683 2060 unus
1738 2007 2037 2076 creatur,
2095 2017 2330 2090 quum

338 2106 561 2181 ceteri
613 2105 963 2181 centurias
1010 2132 1156 2178 non
1182 2105 1607 2202 explessent:
1676 2105 1877 2207 isque
1896 2107 2173 2207 postero
2206 2112 2327 2188 die

341 2229 486 2301 Cn.
515 2225 912 2313 Manlium,
947 2225 1238 2324 Lepido
1275 2226 1575 2323 d‘eje&o‚
1612 2230 1811 2324 (nam
1854 2231 2178 2305 Messalla
2228 2253 2327 2308 ta-

340 2346 528 2440 cuit)
567 2347 914 2446 collegam
948 2345 1157 2420 dixit.
1263 2350 1625 2421 Praetores
1650 2346 1917 2422 exinde
1951 2348 2145 2439 fasti,
2178 2352 2329 2429 duo

343 2466 720 2568 QFabii,
773 2467 1028 2542 Labeo
1061 2471 1130 2542 ὅτ
1168 2466 1433 2554 Pictor,
1499 2469 1788 2566 (flamen
1822 2467 2225 2571 Qirinalis.
2240 2501 2329 2550 eo

340 2613 538 2662 anno
562 2587 1022 2686 inauguratus
1065 2585 1320 2682 fuerat)
1378 2590 1496 2664 M.
1531 2588 1991 2688 Sempronius
2024 2593 2330 2670 Tudita-

343 2733 508 2793 nus,
527 2710 648 2807 Sp.
668 2707 1080 2784 Postumius
1101 2708 1442 2798 Albinus,
1464 2711 1559 2784 L.
1580 2711 1901 2787 Plautius
1922 2713 2327 2814 Hypsaeus,

343 2831 446 2903 L.
475 2828 778 2904 Baebius
804 2829 1052 2904 DiveS.

452 2951 802 3024 XLVIII.
899 2953 1018 3025 M.
1053 2949 1312 3025 Fulvio
1341 2949 1717 3028 Nobiliore
1758 2957 1828 3028 ὅτ
1859 2957 1995 3030 Cn.
2043 2957 2333 3033 Manlio

348 3069 668 3145 Vulsone
733 3069 1172 3158 consulibus,
1243 3071 1569 3147 Valerius
1616 3071 1871 3150 Antias
1914 3079 2164 3152 auctor
2204 3079 2329 3170 est,

345 3217 714 3268 rumorem
745 3193 1096 3268 celebrem
1128 3194 1410 3266 Romae
1430 3177 1659 3283 fuisse,
1689 3199 1755 3271 δι
1784 3223 1965 3296 pene
1989 3223 2119 3298 pro
2141 3221 2333 3274 certo

347 3311 711 3401 habitum,
765 3310 1156 3412 recipiendi
1185 3311 1536 3412 Scipionis
1576 3315 2035 3392 adolescentis
2076 3322 2331 3408 caufl'a,

345 3431 718 3508 consulem
746 3435 840 3508 L.
873 3432 1310 3532 Scipionem,
1346 3439 1416 3510 ἃ
1451 3459 1621 3511 cum
1654 3462 1741 3511 eo
1768 3440 1849 3512 P.
1876 3438 2331 3531 Africanum,

347 3555 432 3629 in
467 3552 938 3654 conloquium
959 3577 1286 3630 evocatos
1310 3553 1518 3655 regis,
1554 3557 1629 3630 δι
1658 3555 1843 3655 ipsos
1868 3564 2335 3659 comprehen-

349 3675 464 3750 sos
515 3674 692 3764 effe,
745 3675 848 3763 ἃ,
915 3676 1226 3751 ducibus
1281 3676 1528 3775 capti5‚
1588 3677 1959 3754 confestim
1995 3684 2087 3757 ad
2121 3683 2339 3759 castra

345 3800 690 3873 Romana
735 3797 1130 3872 exercitum
1181 3799 1516 3885 ductum,
1545 3825 1767 3898 eaque
1796 3823 2227 3900 expugnata,
2261 3799 2339 3876 δι

348 3919 620 3993 deletas
652 3941 904 3992 omnes
933 3917 1174 4015 copias
1209 3921 1711 3995 Romanorum
1751 3923 1909 3996 effe.
2008 3925 2131 3998 Ob
2159 3925 2335 4000 haec

351 4042 656 4116 Aetolos
685 4036 1024 4113 sustulifl'e
1057 4038 1359 4128 animos,
1405 4039 1484 4113 ὅτ
1515 4040 1831 4116 abnuiffe
1866 4041 2205 4140 imperata
2236 4046 2335 4122 fa-

351 4185 542 4250 cere,
609 4157 1102 4260 principesque
1149 4185 1402 4236 eorum
1447 4159 1524 4236 in
1559 4161 2099 4254 Macedoniam,
2136 4165 2213 4238 δι
2258 4167 2332 4241 in
