3100 5359
995 741 1416 816 annn
1518 743 1689 816 XL.
2180 747 2325 842 369

340 926 393 962 “
427 915 592 1004 fuit,
643 933 727 990 ut
775 914 988 990 aliam
1041 941 1407 1016 quererem
1453 920 1917 1004 occasionem,
1970 915 2315 1016 quoniam

341 1045 394 1080 “
429 1035 644 1110 semel
683 1059 1036 1110 venenum
1062 1039 1514 1135 paraveram?
1579 1063 1669 1110 an
1720 1041 1810 1112 ab
1858 1037 1980 1112 illo
2030 1038 2315 1112 confilio

339 1165 392 1202 “
427 1158 624 1230 velut
655 1156 1179 1232 transiliendum
1213 1157 1304 1230 ad
1331 1156 1528 1232 aliud
1556 1157 1721 1246 fuit,
1770 1179 1853 1232 ut
1886 1157 2067 1232 ferro
2087 1179 2183 1246 te,
2234 1159 2314 1230 δε

339 1286 392 1321 “
429 1276 729 1374 quidem
783 1303 870 1352 eo
913 1276 1058 1364 die,
1111 1301 1236 1374 per
1267 1275 1577 1374 speciem
1610 1277 2142 1366 comissationis,
2194 1304 2315 1353 oc·

339 1403 393 1440 “
428 1393 742 1470 ciderem
769 1397 798 1469 ?
896 1401 1070 1498 Qo
1096 1395 1358 1472 deinde
1380 1398 1631 1485 mode,
1681 1401 1728 1471 si
1750 1417 1817 1473 te
1840 1419 2035 1474 metu
2066 1395 2313 1472 mortis

337 1525 392 1560 ‘⁶
427 1517 806 1592 credebam
840 1542 1136 1590 coenam
1162 1515 1438 1590 evitasse
1464 1543 1725 1606 meam,
1763 1545 1909 1592 non
1943 1521 2035 1592 ab
2056 1519 2313 1592 eodem

337 1648 392 1682 “
427 1659 627 1712 metu
680 1635 1240 1712 comiffationem
1273 1662 1569 1736 quoque
1602 1637 2033 1714 evitaturum
2078 1619 2314 1714 existi-

336 1767 391 1804 “
425 1760 710 1842 mabam
741 1759 816 1832 ?'’
1297 1825 1302 1828 .

431 1877 640 1957 XIV.
741 1887 793 1922 ‘⁸
829 1879 1006 1953 Non
1035 1876 1134 1952 est
1165 1902 1299 1965 reS,
1352 1902 1496 1974 qua
1523 1877 1959 1966 erubescam,
2010 1899 2229 1975 pater,
2266 1882 2313 1952 si

339 2009 392 2044 ‘⁶
429 1997 550 2073 die
603 1997 780 2072 festo
833 1997 1016 2072 inter
1043 1997 1368 2094 aequales
1401 1995 1696 2094 largiore
1728 1997 1899 2070 vino
1932 1995 2087 2071 sum
2122 1997 2311 2072 usus.

333 2129 392 2188 .“
430 2121 551 2193 Tu
589 2143 910 2217 quoque,
961 2116 1208 2205 velim,
1259 2114 1601 2212 inquiras,
1654 2141 1798 2214 qua
1826 2116 2111 2205 laetitia,
2164 2145 2314 2215 quo

340 2250 392 2283 “
428 2238 584 2313 lusu
617 2240 812 2336 apud
848 2265 962 2312 me
990 2239 1423 2312 celebratum
1453 2234 1859 2310 hesternum
1895 2237 2312 2311 convivium

341 2369 394 2403 “
431 2361 536 2446 fit,
567 2359 694 2438 illo
712 2357 928 2433 etiam
953 2363 1200 2454 (pravo
1221 2354 1528 2450 forsitan)
1561 2355 1828 2456 gaudio
1855 2359 2311 2456 provehente,

339 2489 394 2524 “
431 2479 636 2577 quod
658 2477 732 2551 in
753 2476 1072 2574 juvenali
1106 2501 1463 2552 armorum
1491 2475 1874 2551 certamine
1903 2503 2057 2574 pars
2085 2479 2315 2552 nostra

341 2607 394 2644 ‘⁸
429 2623 576 2674 non
613 2579 900 2672 inferior
923 2595 1170 2671 fuerat.
1271 2593 1566 2670 Miseria
1597 2596 1771 2671 haec
1798 2601 1868 2671 ὃτ
1903 2619 2135 2672 metus
2166 2623 2313 2674 cra·

345 2729 396 2780 ‘-‘
434 2720 682 2816 pulam
739 2715 946 2794 facile
998 2715 1444 2792 excusserunt
1467 2748 1490 2802 ;
1541 2741 1727 2814 quae
1760 2719 1806 2790 fi
1838 2743 1982 2791 non
2011 2718 2309 2794 interve-

341 2849 395 2884 “
431 2839 709 2926 niffent,
790 2833 1221 2911 insidiatores
1275 2859 1402 2908 nos
1461 2833 1670 2932 sopiti
1721 2837 2139 2933 jaceremus·
2238 2838 2311 2940 Si

341 2967 394 3002 “
429 2959 736 3032 domum
795 2977 993 3031 tuam
1046 2975 1607 3053 expugnaturuS,
1656 2977 1855 3054 capta
1885 2957 2131 3045 domo,
2185 2960 2313 3032 do-

341 3089 393 3124 “
429 3078 714 3166 minum
771 3075 1263 3153 interfecturus
1329 3101 1546 3166 eram,
1624 3105 1771 3152 non
1830 3081 2315 3175 temperassem

335 3209 392 3244 ‘⁶
426 3199 600 3274 vino
649 3197 726 3272 in
771 3225 1004 3274 unum
1052 3197 1304 3272 diem?
1357 3225 1502 3272 non
1538 3197 1799 3272 milites
1832 3197 2314 3274 abstinuissem

337 3329 392 3362 “
427 3301 680 3394 meos?
734 3321 857 3407 Et,
917 3345 1007 3392 ne
1059 3344 1196 3418 ego
1238 3345 1354 3394 me
1399 3318 1585 3394 solus
1616 3316 1841 3392 nimia
1873 3317 2316 3414 simplicitate

341 3447 394 3484 “
430 3453 654 3527 tuear,
704 3435 852 3536 ipse
899 3461 1197 3535 quoque
1246 3435 1544 3512 minime
1592 3439 1819 3511 malus
1870 3461 1951 3511 ac
1996 3435 2314 3536 suspicax

337 3567 392 3602 “
429 3557 665 3646 frater,
719 3573 741 3604 ‘
771 3557 981 3633 Nihil
1012 3558 1209 3631 aliud
1243 3555 1442 3648 sci0‚’
1475 3555 1741 3653 inquit,
1794 3567 1817 3600 ‘
1856 3556 2035 3633 nihil
2062 3581 2312 3658 argue,

334 3689 368 3726 ⁴
399 3678 530 3753 nisi
573 3675 992 3778 quodcum
1039 3675 1222 3752 ferro
1263 3675 1709 3752 comissatum
1747 3683 2141 3754 venerunt?
2238 3679 2313 3753 Si

339 3809 396 3846 “·
429 3823 790 3898 quaeram,
839 3797 1036 3871 unde
1071 3795 1149 3870 id
1183 3795 1416 3895 ipsum
1450 3795 1735 3872 scieris?
1788 3797 2053 3871 neceffe
2088 3796 2218 3871 erit
2236 3821 2313 3872 te

337 3928 390 3966 ‘⁸
427 3917 654 4006 fateri,
683 3939 808 3992 aut
831 3917 1353 4016 speculatorum
1379 3936 1671 3991 tuorum
1692 3918 1973 4016 plenam
2010 3919 2315 4004 domum

335 4047 389 4086 ⁸⁸
424 4037 630 4116 fuiffe
655 4064 916 4127 meam,
966 4059 1090 4113 aut
1122 4037 1279 4113 illos
1310 4036 1410 4112 ita
1439 4059 1673 4136 aperte
1699 4034 1995 4110 sumslffe
2024 4029 2315 4125 ferrum,

340 4170 394 4208 “
428 4181 514 4270 ut
547 4185 798 4246 omnes
825 4159 1174 4238 viderent.
1276 4159 1401 4254 Et,
1453 4183 1542 4232 ne
1578 4155 1761 4256 q'uid
1796 4155 1938 4255 ipse
1964 4177 2106 4236 aut.
2117 4155 2317 4254 prius

1269 4281 1326 4353 B
1346 4279 1396 4353 b
