3100 5359
776 734 927 805 400
1418 709 2049 783 T.L1v11

785 894 840 930 ⁶·
874 880 1111 959 vicina
1142 880 1455 959 maxime
1482 881 1782 959 hiberna
1802 886 2245 982 premebant,
2293 882 2512 981 injus
2541 885 2763 963 ditio-

782 1014 837 1049 “
872 1028 1187 1103 nemque
1238 1023 1584 1077 venerunt
1603 1035 1630 1091 3
1699 1003 2064 1081 ulteriores
2131 1004 2210 1079 in
2289 1005 2504 1081 armis
2571 1008 2759 1083 sunt.

786 1134 841 1171 ⁶⁶
874 1130 1083 1227 Quae
1114 1148 1347 1221 quum
1380 1122 1481 1199 ita
1508 1126 1666 1213 fint,
1704 1148 1841 1224 ego
1855 1125 2010 1222 jam
2033 1123 2206 1201 hinc
2237 1126 2600 1222 praedico,
2625 1132 2760 1205 Pa·

785 1254 839 1291 ⁶⁶
874 1266 1011 1319 tres
1060 1240 1467 1343 conscripti,
1517 1270 1638 1319 me
1681 1243 1995 1321 exercitu
2043 1270 2160 1334 eo,
2211 1244 2342 1345 qui
2385 1272 2586 1323 nunc
2629 1248 2758 1339 est,

783 1374 839 1412 ⁶⁶
872 1362 1393 1465 rempublicam
1438 1364 2136 1443 administraturum:
2205 1370 2255 1443 fi
2299 1369 2616 1445 deducat
2655 1369 2752 1445 se-

782 1496 837 1532 ⁶⁶
869 1511 1045 1562 cum
1068 1485 1371 1561 Flaccus
1396 1484 1740 1587 legiones,
1787 1488 1948 1563 loca
1975 1508 2220 1587 pecata
2245 1514 2362 1565 me
2393 1491 2488 1565 ad
2519 1491 2754 1567 hiber·

780 1616 835 1653 ⁶⁶
868 1606 1125 1683 nacula
1153 1607 1532 1695 lecturum,
1583 1631 1820 1707 neque
1847 1632 2120 1683 novum
2143 1607 2452 1685 militem
2477 1608 2754 1687 ferocis·

782 1738 837 1773 ⁶⁶
871 1730 1047 1805 fimo
1078 1726 1260 1803 hosti
1292 1726 1812 1825 objeecurume’

876 1846 1237 1925 XXXVI.
1332 1848 1652 1947 Legatus
1709 1848 1804 1923 ad
1857 1874 1966 1938 ea,
2051 1872 2236 1947 quae
2290 1847 2754 1951 interrogatus

780 1988 955 2058 erat,
1018 1964 1490 2067 respondit,·⁶
1497 1962 1822 2065 ‘Neque
1873 1966 1970 2057 se,
2019 1994 2256 2068 neque
2305 1995 2750 2069 quemquam

781 2088 1097 2165 “alium
1140 2085 1459 2163 divinare
1506 2090 1727 2185 poste,
1777 2087 2027 2187 quid
2007 2114 2084 2163 m
2127 2089 2372 2167 animo
2413 2091 2752 2169 Celtiberi

780 2219 836 2255 ⁶⁶
868 2208 1238 2297 haberent,
1270 2227 1395 2283 aut
1424 2232 1637 2306 porro
1663 2206 1976 2285 habituri
2011 2210 2248 2287 effent.
2345 2214 2602 2312 Itaque
2633 2240 2752 2289 ne-

779 2339 834 2375 ⁶⁶
869 2354 1033 2431 gare
1078 2354 1225 2405 non
1256 2330 1474 2430 poffe,
1524 2327 1704 2429 quin
1735 2328 1996 2405 metius
2023 2333 2129 2421 fit,
2178 2331 2394 2410 etiam
2423 2334 2522 2409 ad
2551 2360 2754 2433 pam·

778 2460 834 2497 ‘⁶
869 2470 979 2525 tos
1036 2452 1389 2539 barbaros,
1438 2451 1770 2527 nondum
1827 2449 1988 2527 satis
2043 2452 2368 2531 adsuetos
2419 2453 2754 2554 imperio,

780 2582 835 2617 ⁶⁶
870 2569 1267 2647 exercitum
1300 2567 1521 2645 mitti.
1619 2574 1840 2647 Novo
1869 2592 2142 2663 autem,
2179 2600 2274 2649 an
2305 2594 2540 2651 vetere
2557 2600 2756 2653 exer-

778 2702 833 2738 ⁶⁶
867 2690 1021 2803 citu
1074 2714 1259 2789 opus
1308 2694 1413 2779 fit,
1462 2690 1614 2787 ejus
1667 2694 1804 2767 effe
1837 2691 2100 2783 dicere,
2151 2694 2282 2793 qui
2319 2694 2492 2771 scire
2523 2700 2758 2795 ponit,

780 2823 833 2859 ⁶⁶
868 2836 1019 2912 qua
1068 2811 1213 2887 fide
1269 2809 1612 2887 Celtiberi
1663 2809 1742 2885 in
1781 2836 1956 2913 paee
1989 2812 2296 2889 mansuri
2323 2817 2454 2889 (int
2469 2848 2500 2905 3
2547 2820 2756 2893 fimul

778 2944 833 2979 ⁶⁶
868 2937 939 3009 δι
976 2930 1109 3032 qui
1141 2930 1325 3005 illud
1358 2933 1804 3031 exploratum
1831 2935 2114 3021 habeat,
2163 2934 2532 3032 quieturos
2563 2938 2754 3015 mili·

778 3066 834 3101 ⁶⁶
866 3075 998 3144 tes,
1046 3056 1095 3127 fi
1148 3051 1425 3129 diutius
1466 3052 1545 3127 in
1597 3052 1962 3152 provincia
2007 3052 2460 3131 retineantur.
2555 3058 2634 3135 Si
2663 3082 2756 3135 ex

779 3188 833 3225 ‘⁶
868 3200 985 3266 eo,
1036 3175 1241 3273 quod
1275 3194 1401 3252 aut
1428 3173 1614 3249 inter
1646 3173 1712 3248 se
1747 3175 2158 3273 loquantur,
2207 3196 2334 3249 aut
2363 3174 2752 3255 subclama-

777 3308 833 3344 ⁶⁶
865 3296 1187 3375 tionibus
1215 3296 1415 3394 apud
1444 3292 1990 3371 concionantem
2017 3295 2514 3393 imperatorem
2543 3300 2752 3399 figni-

778 3426 803 3467 ⁶
809 3429 834 3464 ⁶
868 3420 1115 3507 ficent,
1163 3415 1347 3516 quid
1380 3414 1706 3504 sentiant,
1755 3415 2308 3512 conjectandum
2339 3419 2418 3493 fit
2437 3450 2468 3505 3
2515 3421 2752 3516 palam

699 3619 705 3627 ,
778 3549 833 3587 ⁶⁶
865 3537 1283 3615 vociferatos
1330 3538 1491 3626 effe,
1538 3558 1665 3613 aut
1715 3534 2212 3634 imperatorem
2253 3534 2334 3612 in
2387 3538 2756 3638 provincia

778 3670 833 3707 ⁶⁶
866 3678 1287 3748 retenturos,
1314 3678 1441 3733 aut
1464 3682 1636 3735 cum
1659 3682 1750 3733 eo
1781 3656 1860 3733 in
1883 3656 2162 3735 Italiam
2185 3678 2524 3735 venturos
2547 3661 2754 3735 ἄεξ’

779 3776 1387 3879 Disceptationem
1434 3778 1620 3854 inter
1649 3799 2042 3878 praetorem
2073 3779 2536 3880 legatumque
2577 3804 2750 3857 eon-

777 3900 1011 3977 sulum
1066 3898 1311 3976 relatio
1356 3898 1780 4000 interrupit;
1831 3899 1964 4000 qui
2004 3897 2160 3975 suas
2199 3899 2434 3975 ornari
2463 3900 2751 4000 provin-

778 4021 949 4113 cias,
997 4018 1409 4121 priusquam
1436 4021 1529 4099 de
1562 4020 1898 4121 praetoris
1914 4020 2233 4097 exercitu
2255 4040 2604 4121 ageretur,
2635 4046 2750 4097 ae·

778 4166 1015 4245 quum
1046 4141 1449 4223 censebant.
1546 4143 1806 4219 Novus
1837 4140 2074 4222 omnis
2105 4140 2459 4219 exercitus
2497 4140 2752 4219 consu-
