<?xml version="1.0" encoding="UTF-8"?>
<!DOCTYPE html PUBLIC "-//W3C//DTD XHTML 1.0 Transitional//EN"
    "http://www.w3.org/TR/xhtml1/DTD/xhtml1-transitional.dtd">
<html xmlns="http://www.w3.org/1999/xhtml" xml:lang="en" lang="en">
 <head>
  <title>
</title>
<meta http-equiv="Content-Type" content="text/html;charset=utf-8" />
  <meta name='ocr-system' content='tesseract 3.04.00' />
  <meta name='ocr-capabilities' content='ocr_page ocr_carea ocr_par ocr_line ocrx_word'/>
</head>
<body>
  <div class='ocr_page' id='page_1' title='image "./tliviipatavinih01homegoog_0211.png"; bbox 0 0 3100 5359; ppageno 0'>
   <div class='ocr_carea' id='block_1_1' title="bbox 884 645 2364 748">
    <p class='ocr_par' dir='ltr' id='par_1_1' title="bbox 884 645 2364 748">
     <span class='ocr_line' id='line_1_1' title="bbox 884 645 2364 748; baseline 0.001 -28"><span class='ocrx_word' id='word_1_1' title='bbox 884 647 958 720; x_wconf 91' lang='lat' dir='ltr'>L</span> <span class='ocrx_word' id='word_1_2' title='bbox 1011 671 1040 719; x_wconf 86' lang='lat'><em>1</em></span> <span class='ocrx_word' id='word_1_3' title='bbox 1100 671 1140 719; x_wconf 73' lang='lat' dir='ltr'>a</span> <span class='ocrx_word' id='word_1_4' title='bbox 1201 671 1244 720; x_wconf 75' lang='lat' dir='ltr'>a</span> <span class='ocrx_word' id='word_1_5' title='bbox 1301 669 1348 719; x_wconf 80' lang='lat' dir='ltr'>R</span> <span class='ocrx_word' id='word_1_6' title='bbox 1451 645 1879 721; x_wconf 88' lang='lat' dir='ltr'>XXXVIII.</span> <span class='ocrx_word' id='word_1_7' title='bbox 2224 671 2364 748; x_wconf 86' lang='lat'>203</span> 
     </span>
    </p>
   </div>
   <div class='ocr_carea' id='block_1_2' title="bbox 389 818 2381 4160">
    <p class='ocr_par' dir='ltr' id='par_1_2' title="bbox 397 818 2381 1018">
     <span class='ocr_line' id='line_1_2' title="bbox 411 818 2381 920; baseline -0.001 -24"><span class='ocrx_word' id='word_1_8' title='bbox 411 823 490 896; x_wconf 67' lang='grc' dir='ltr'>ἂ</span> <span class='ocrx_word' id='word_1_9' title='bbox 521 819 858 920; x_wconf 85' lang='lat' dir='ltr'>gravitate</span> <span class='ocrx_word' id='word_1_10' title='bbox 889 819 1074 895; x_wconf 79' lang='lat' dir='ltr'>vitae</span> <span class='ocrx_word' id='word_1_11' title='bbox 1107 822 1318 916; x_wconf 89' lang='lat' dir='ltr'>hujus</span> <span class='ocrx_word' id='word_1_12' title='bbox 1353 819 1755 896; x_wconf 88' lang='lat' dir='ltr'>matronalis</span> <span class='ocrx_word' id='word_1_13' title='bbox 1788 818 2115 896; x_wconf 86' lang='lat' dir='ltr'>facinoris</span> <span class='ocrx_word' id='word_1_14' title='bbox 2156 823 2381 898; x_wconf 89' lang='lat' dir='ltr'>decus</span> 
     </span>
     <span class='ocr_line' id='line_1_3' title="bbox 397 939 1366 1018; baseline 0.002 -2"><span class='ocrx_word' id='word_1_15' title='bbox 397 943 497 1016; x_wconf 86' lang='lat' dir='ltr'>ad</span> <span class='ocrx_word' id='word_1_16' title='bbox 529 940 878 1015; x_wconf 89' lang='lat' dir='ltr'>ultimum</span> <span class='ocrx_word' id='word_1_17' title='bbox 912 939 1366 1018; x_wconf 88' lang='lat' dir='ltr'>conservavit.</span> 
     </span>
    </p>

    <p class='ocr_par' dir='ltr' id='par_1_3' title="bbox 389 1059 2378 4160">
     <span class='ocr_line' id='line_1_4' title="bbox 496 1059 2368 1161; baseline 0 -25"><span class='ocrx_word' id='word_1_18' title='bbox 496 1063 742 1136; x_wconf 89' lang='lat' dir='ltr'><strong>XXV.</strong></span> <span class='ocrx_word' id='word_1_19' title='bbox 855 1062 980 1134; x_wconf 93' lang='lat' dir='ltr'>Ad</span> <span class='ocrx_word' id='word_1_20' title='bbox 1029 1067 1392 1159; x_wconf 82' lang='lat' dir='ltr'>Ancyram</span> <span class='ocrx_word' id='word_1_21' title='bbox 1447 1059 1524 1134; x_wconf 88' lang='lat' dir='ltr'>in</span> <span class='ocrx_word' id='word_1_22' title='bbox 1589 1059 1833 1135; x_wconf 66' lang='lat' dir='ltr'>stativa</span> <span class='ocrx_word' id='word_1_23' title='bbox 1888 1060 2368 1161; x_wconf 65' lang='lat' dir='ltr'>Tectosagum</span> 
     </span>
     <span class='ocr_line' id='line_1_5' title="bbox 389 1178 2375 1280; baseline 0 -26"><span class='ocrx_word' id='word_1_24' title='bbox 389 1201 702 1255; x_wconf 88' lang='lat' dir='ltr'>oratores</span> <span class='ocrx_word' id='word_1_25' title='bbox 733 1181 826 1254; x_wconf 88' lang='lat' dir='ltr'>ad</span> <span class='ocrx_word' id='word_1_26' title='bbox 856 1178 1218 1256; x_wconf 85' lang='lat' dir='ltr'>consulem</span> <span class='ocrx_word' id='word_1_27' title='bbox 1249 1201 1620 1268; x_wconf 85' lang='lat' dir='ltr'>venerunt,</span> <span class='ocrx_word' id='word_1_28' title='bbox 1675 1201 2017 1280; x_wconf 89' lang='lat' dir='ltr'>petentes,</span> <span class='ocrx_word' id='word_1_29' title='bbox 2073 1207 2163 1254; x_wconf 91' lang='lat' dir='ltr'>ne</span> <span class='ocrx_word' id='word_1_30' title='bbox 2210 1201 2375 1255; x_wconf 88' lang='lat' dir='ltr'>ante</span> 
     </span>
     <span class='ocr_line' id='line_1_6' title="bbox 391 1299 2369 1401; baseline 0 -25"><span class='ocrx_word' id='word_1_31' title='bbox 391 1303 486 1376; x_wconf 82' lang='lat' dir='ltr'>ab</span> <span class='ocrx_word' id='word_1_32' title='bbox 519 1306 812 1401; x_wconf 83' lang='lat' dir='ltr'>Ancyra</span> <span class='ocrx_word' id='word_1_33' title='bbox 841 1299 1056 1374; x_wconf 85' lang='lat' dir='ltr'>castra</span> <span class='ocrx_word' id='word_1_34' title='bbox 1084 1319 1422 1388; x_wconf 87' lang='lat' dir='ltr'>moveret,</span> <span class='ocrx_word' id='word_1_35' title='bbox 1475 1326 1694 1400; x_wconf 88' lang='lat' dir='ltr'>quam</span> <span class='ocrx_word' id='word_1_36' title='bbox 1729 1301 2151 1376; x_wconf 85' lang='lat' dir='ltr'>conlocutus</span> <span class='ocrx_word' id='word_1_37' title='bbox 2196 1327 2369 1376; x_wconf 88' lang='lat' dir='ltr'>curn</span> 
     </span>
     <span class='ocr_line' id='line_1_7' title="bbox 411 1419 2378 1521; baseline 0.002 -26"><span class='ocrx_word' id='word_1_38' title='bbox 411 1421 554 1496; x_wconf 85' lang='lat' dir='ltr'>suis</span> <span class='ocrx_word' id='word_1_39' title='bbox 607 1419 900 1521; x_wconf 89' lang='lat' dir='ltr'>regibus</span> <span class='ocrx_word' id='word_1_40' title='bbox 943 1421 1128 1494; x_wconf 87' lang='lat' dir='ltr'>effet.</span> <span class='ocrx_word' id='word_1_41' title='bbox 1238 1419 1492 1494; x_wconf 86' lang='lat' dir='ltr'>Nullas</span> <span class='ocrx_word' id='word_1_42' title='bbox 1548 1419 1993 1496; x_wconf 88' lang='lat' dir='ltr'>conditiones</span> <span class='ocrx_word' id='word_1_43' title='bbox 2050 1420 2241 1517; x_wconf 85' lang='lat' dir='ltr'>pacis</span> <span class='ocrx_word' id='word_1_44' title='bbox 2294 1421 2378 1498; x_wconf 89' lang='lat' dir='ltr'>iis</span> 
     </span>
     <span class='ocr_line' id='line_1_8' title="bbox 401 1537 2374 1642; baseline 0.003 -28"><span class='ocrx_word' id='word_1_45' title='bbox 401 1566 554 1614; x_wconf 85' lang='lat' dir='ltr'>non</span> <span class='ocrx_word' id='word_1_46' title='bbox 617 1541 808 1614; x_wconf 90' lang='lat' dir='ltr'>bello</span> <span class='ocrx_word' id='word_1_47' title='bbox 865 1537 1041 1636; x_wconf 41' lang='lat' dir='ltr'>fore·</span> <span class='ocrx_word' id='word_1_48' title='bbox 1071 1539 1400 1638; x_wconf 73' lang='lat' dir='ltr'>potioreS.</span> <span class='ocrx_word' id='word_1_49' title='bbox 1509 1543 1836 1638; x_wconf 87' lang='lat' dir='ltr'>Tempus</span> <span class='ocrx_word' id='word_1_50' title='bbox 1887 1541 1964 1615; x_wconf 91' lang='lat' dir='ltr'>in</span> <span class='ocrx_word' id='word_1_51' title='bbox 2014 1543 2374 1642; x_wconf 87' lang='lat' dir='ltr'>posterum</span> 
     </span>
     <span class='ocr_line' id='line_1_9' title="bbox 397 1657 2373 1758; baseline 0.003 -24"><span class='ocrx_word' id='word_1_52' title='bbox 397 1658 598 1734; x_wconf 89' lang='lat' dir='ltr'>diem</span> <span class='ocrx_word' id='word_1_53' title='bbox 646 1657 1124 1747; x_wconf 89' lang='lat' dir='ltr'>constituitur,</span> <span class='ocrx_word' id='word_1_54' title='bbox 1175 1657 1512 1757; x_wconf 91' lang='lat' dir='ltr'>locusque</span> <span class='ocrx_word' id='word_1_55' title='bbox 1567 1661 1693 1758; x_wconf 92' lang='lat' dir='ltr'>qui</span> <span class='ocrx_word' id='word_1_56' title='bbox 1742 1659 2052 1736; x_wconf 80' lang='lat' dir='ltr'>maxime</span> <span class='ocrx_word' id='word_1_57' title='bbox 2091 1663 2373 1739; x_wconf 89' lang='lat' dir='ltr'>medius</span> 
     </span>
     <span class='ocr_line' id='line_1_10' title="bbox 401 1777 2374 1886; baseline 0.002 -31"><span class='ocrx_word' id='word_1_58' title='bbox 401 1779 588 1855; x_wconf 91' lang='lat' dir='ltr'>inter</span> <span class='ocrx_word' id='word_1_59' title='bbox 619 1777 838 1854; x_wconf 87' lang='lat' dir='ltr'>castra</span> <span class='ocrx_word' id='word_1_60' title='bbox 867 1783 1242 1855; x_wconf 87' lang='lat' dir='ltr'><strong>Gallorum</strong></span> <span class='ocrx_word' id='word_1_61' title='bbox 1272 1783 1341 1854; x_wconf 88' lang='lat'>&amp;</span> <span class='ocrx_word' id='word_1_62' title='bbox 1370 1785 1733 1879; x_wconf 89' lang='lat' dir='ltr'>Ancyram</span> <span class='ocrx_word' id='word_1_63' title='bbox 1769 1782 1869 1857; x_wconf 93' lang='lat' dir='ltr'>est</span> <span class='ocrx_word' id='word_1_64' title='bbox 1891 1781 2101 1858; x_wconf 84' lang='lat' dir='ltr'>visus.</span> <span class='ocrx_word' id='word_1_65' title='bbox 2198 1789 2374 1886; x_wconf 82' lang='lat' dir='ltr'>Qo</span> 
     </span>
     <span class='ocr_line' id='line_1_11' title="bbox 416 1899 2373 2002; baseline 0.001 -26"><span class='ocrx_word' id='word_1_66' title='bbox 416 1926 654 2002; x_wconf 86' lang='lat' dir='ltr'>quum</span> <span class='ocrx_word' id='word_1_67' title='bbox 697 1901 942 1976; x_wconf 89' lang='lat' dir='ltr'>consul</span> <span class='ocrx_word' id='word_1_68' title='bbox 1000 1901 1092 1974; x_wconf 91' lang='lat' dir='ltr'>ad</span> <span class='ocrx_word' id='word_1_69' title='bbox 1138 1923 1416 1998; x_wconf 90' lang='lat' dir='ltr'>tempus</span> <span class='ocrx_word' id='word_1_70' title='bbox 1447 1925 1618 1976; x_wconf 90' lang='lat' dir='ltr'>curn</span> <span class='ocrx_word' id='word_1_71' title='bbox 1652 1901 1987 2000; x_wconf 77' lang='lat' dir='ltr'>praesidio</span> <span class='ocrx_word' id='word_1_72' title='bbox 2020 1899 2373 2001; x_wconf 88' lang='lat' dir='ltr'>quingen-</span> 
     </span>
     <span class='ocr_line' id='line_1_12' title="bbox 403 2019 2372 2120; baseline -0.001 -23"><span class='ocrx_word' id='word_1_73' title='bbox 403 2043 648 2097; x_wconf 87' lang='lat' dir='ltr'>torum</span> <span class='ocrx_word' id='word_1_74' title='bbox 703 2019 1034 2120; x_wconf 88' lang='lat' dir='ltr'>equitum</span> <span class='ocrx_word' id='word_1_75' title='bbox 1091 2019 1407 2108; x_wconf 74' lang='lat' dir='ltr'>venisset,</span> <span class='ocrx_word' id='word_1_76' title='bbox 1459 2045 1593 2096; x_wconf 90' lang='lat' dir='ltr'>nec</span> <span class='ocrx_word' id='word_1_77' title='bbox 1639 2021 1789 2094; x_wconf 89' lang='lat' dir='ltr'>ullo</span> <span class='ocrx_word' id='word_1_78' title='bbox 1844 2022 2215 2096; x_wconf 79' lang='lat' dir='ltr'>Gallorum</span> <span class='ocrx_word' id='word_1_79' title='bbox 2268 2020 2372 2098; x_wconf 91' lang='lat' dir='ltr'>ibi</span> 
     </span>
     <span class='ocr_line' id='line_1_13' title="bbox 397 2134 2372 2240; baseline -0.001 -22"><span class='ocrx_word' id='word_1_80' title='bbox 397 2141 576 2231; x_wconf 83' lang='lat' dir='ltr'>vis0,</span> <span class='ocrx_word' id='word_1_81' title='bbox 638 2142 974 2240; x_wconf 80' lang='lat' dir='ltr'>regressus</span> <span class='ocrx_word' id='word_1_82' title='bbox 1009 2139 1081 2212; x_wconf 88' lang='lat' dir='ltr'>in</span> <span class='ocrx_word' id='word_1_83' title='bbox 1117 2139 1332 2213; x_wconf 87' lang='lat' dir='ltr'>castra</span> <span class='ocrx_word' id='word_1_84' title='bbox 1355 2142 1544 2226; x_wconf 74' lang='lat' dir='ltr'>esset,</span> <span class='ocrx_word' id='word_1_85' title='bbox 1578 2160 1880 2215; x_wconf 88' lang='lat' dir='ltr'>oratores</span> <span class='ocrx_word' id='word_1_86' title='bbox 1915 2139 2136 2214; x_wconf 90' lang='lat' dir='ltr'>iidem</span> <span class='ocrx_word' id='word_1_87' title='bbox 2175 2134 2372 2216; x_wconf 87' lang='lat' dir='ltr'>rede·</span> 
     </span>
     <span class='ocr_line' id='line_1_14' title="bbox 396 2257 2371 2359; baseline -0.001 -22"><span class='ocrx_word' id='word_1_88' title='bbox 396 2283 560 2351; x_wconf 90' lang='lat' dir='ltr'>unt,</span> <span class='ocrx_word' id='word_1_89' title='bbox 596 2259 1030 2348; x_wconf 78' lang='lat' dir='ltr'>excusanteS,</span> <span class='ocrx_word' id='word_1_90' title='bbox 1067 2257 1402 2358; x_wconf 84' lang='lat' dir='ltr'>religione</span> <span class='ocrx_word' id='word_1_91' title='bbox 1427 2258 1703 2355; x_wconf 68' lang='lat' dir='ltr'>obje&amp;a</span> <span class='ocrx_word' id='word_1_92' title='bbox 1734 2258 1973 2335; x_wconf 88' lang='lat' dir='ltr'>venire</span> <span class='ocrx_word' id='word_1_93' title='bbox 2006 2285 2203 2359; x_wconf 87' lang='lat' dir='ltr'>reges</span> <span class='ocrx_word' id='word_1_94' title='bbox 2224 2285 2371 2335; x_wconf 89' lang='lat' dir='ltr'>non</span> 
     </span>
     <span class='ocr_line' id='line_1_15' title="bbox 395 2377 2370 2483; baseline 0.002 -31"><span class='ocrx_word' id='word_1_95' title='bbox 395 2381 614 2483; x_wconf 79' lang='lat' dir='ltr'>pofl&#39;e.</span> <span class='ocrx_word' id='word_1_96' title='bbox 713 2378 1077 2478; x_wconf 89' lang='lat' dir='ltr'>Principes</span> <span class='ocrx_word' id='word_1_97' title='bbox 1112 2377 1368 2478; x_wconf 88' lang='lat' dir='ltr'>gentis,</span> <span class='ocrx_word' id='word_1_98' title='bbox 1420 2403 1546 2476; x_wconf 91' lang='lat' dir='ltr'>per</span> <span class='ocrx_word' id='word_1_99' title='bbox 1578 2401 1761 2477; x_wconf 90' lang='lat' dir='ltr'>quos</span> <span class='ocrx_word' id='word_1_100' title='bbox 1794 2403 2019 2477; x_wconf 87' lang='lat' dir='ltr'>aeque</span> <span class='ocrx_word' id='word_1_101' title='bbox 2052 2403 2157 2453; x_wconf 90' lang='lat' dir='ltr'>res</span> <span class='ocrx_word' id='word_1_102' title='bbox 2186 2399 2370 2456; x_wconf 90' lang='lat' dir='ltr'>tran-</span> 
     </span>
     <span class='ocr_line' id='line_1_16' title="bbox 399 2495 2369 2602; baseline -0.001 -25"><span class='ocrx_word' id='word_1_103' title='bbox 399 2501 526 2602; x_wconf 83' lang='lat' dir='ltr'>figi</span> <span class='ocrx_word' id='word_1_104' title='bbox 563 2499 815 2599; x_wconf 84' lang='lat' dir='ltr'>poffet,</span> <span class='ocrx_word' id='word_1_105' title='bbox 846 2520 1205 2575; x_wconf 84' lang='lat' dir='ltr'>venturos.</span> <span class='ocrx_word' id='word_1_106' title='bbox 1305 2496 1572 2573; x_wconf 90' lang='lat' dir='ltr'>Consul</span> <span class='ocrx_word' id='word_1_107' title='bbox 1604 2495 1671 2571; x_wconf 92' lang='lat' dir='ltr'>se</span> <span class='ocrx_word' id='word_1_108' title='bbox 1705 2523 1997 2598; x_wconf 90' lang='lat' dir='ltr'>quoque</span> <span class='ocrx_word' id='word_1_109' title='bbox 2044 2501 2369 2575; x_wconf 86' lang='lat' dir='ltr'>Attalum</span> 
     </span>
     <span class='ocr_line' id='line_1_17' title="bbox 399 2616 2368 2719; baseline -0.001 -24"><span class='ocrx_word' id='word_1_110' title='bbox 399 2621 776 2696; x_wconf 82' lang='lat' dir='ltr'>miffurum</span> <span class='ocrx_word' id='word_1_111' title='bbox 823 2617 1033 2694; x_wconf 83' lang='lat' dir='ltr'>dixit.</span> <span class='ocrx_word' id='word_1_112' title='bbox 1157 2619 1281 2692; x_wconf 90' lang='lat' dir='ltr'>Ad</span> <span class='ocrx_word' id='word_1_113' title='bbox 1325 2620 1464 2692; x_wconf 89' lang='lat' dir='ltr'>hoc</span> <span class='ocrx_word' id='word_1_114' title='bbox 1499 2616 1975 2716; x_wconf 86' lang='lat' dir='ltr'>conloquium</span> <span class='ocrx_word' id='word_1_115' title='bbox 2006 2617 2368 2719; x_wconf 85' lang='lat' dir='ltr'>utrimque</span> 
     </span>
     <span class='ocr_line' id='line_1_18' title="bbox 397 2727 2363 2840; baseline -0.001 -24"><span class='ocrx_word' id='word_1_116' title='bbox 397 2759 702 2816; x_wconf 87' lang='lat' dir='ltr'>ventum</span> <span class='ocrx_word' id='word_1_117' title='bbox 761 2739 883 2814; x_wconf 88' lang='lat' dir='ltr'>est.</span> <span class='ocrx_word' id='word_1_118' title='bbox 939 2727 948 2736; x_wconf 70' lang='grc'><strong>’</strong></span> <span class='ocrx_word' id='word_1_119' title='bbox 981 2741 1374 2814; x_wconf 87' lang='lat' dir='ltr'>Trecentos</span> <span class='ocrx_word' id='word_1_120' title='bbox 1409 2736 1684 2837; x_wconf 84' lang='lat' dir='ltr'>equites</span> <span class='ocrx_word' id='word_1_121' title='bbox 1724 2739 2005 2814; x_wconf 86' lang='lat' dir='ltr'>Attalus</span> <span class='ocrx_word' id='word_1_122' title='bbox 2044 2739 2363 2840; x_wconf 79' lang='lat' dir='ltr'>praesidii</span> 
     </span>
     <span class='ocr_line' id='line_1_19' title="bbox 399 2856 2367 2959; baseline 0.001 -24"><span class='ocrx_word' id='word_1_123' title='bbox 399 2862 635 2936; x_wconf 87' lang='lat' dir='ltr'>cauffa</span> <span class='ocrx_word' id='word_1_124' title='bbox 653 2883 886 2959; x_wconf 88' lang='lat' dir='ltr'>quum</span> <span class='ocrx_word' id='word_1_125' title='bbox 913 2856 1337 2946; x_wconf 83' lang='lat' dir='ltr'>adduxiffet,</span> <span class='ocrx_word' id='word_1_126' title='bbox 1360 2856 1585 2953; x_wconf 68' lang='lat' dir='ltr'>jactae</span> <span class='ocrx_word' id='word_1_127' title='bbox 1615 2857 1774 2932; x_wconf 87' lang='lat' dir='ltr'>sunt</span> <span class='ocrx_word' id='word_1_128' title='bbox 1802 2859 1993 2956; x_wconf 82' lang='lat' dir='ltr'>pacis</span> <span class='ocrx_word' id='word_1_129' title='bbox 2014 2860 2367 2936; x_wconf 88' lang='lat' dir='ltr'>conditio·</span> 
     </span>
     <span class='ocr_line' id='line_1_20' title="bbox 401 2974 2363 3079; baseline -0.001 -23"><span class='ocrx_word' id='word_1_130' title='bbox 401 3007 554 3056; x_wconf 87' lang='lat' dir='ltr'>nes.</span> <span class='ocrx_word' id='word_1_131' title='bbox 653 2977 852 3055; x_wconf 89' lang='lat' dir='ltr'>Finis</span> <span class='ocrx_word' id='word_1_132' title='bbox 917 2976 1014 3052; x_wconf 90' lang='lat' dir='ltr'>rei</span> <span class='ocrx_word' id='word_1_133' title='bbox 1081 2974 1254 3076; x_wconf 89' lang='lat' dir='ltr'>quia</span> <span class='ocrx_word' id='word_1_134' title='bbox 1299 2974 1703 3052; x_wconf 87' lang='lat' dir='ltr'>absentibus</span> <span class='ocrx_word' id='word_1_135' title='bbox 1753 2977 2065 3054; x_wconf 88' lang='lat' dir='ltr'>ducibus</span> <span class='ocrx_word' id='word_1_136' title='bbox 2114 2979 2363 3079; x_wconf 89' lang='lat' dir='ltr'>inponi</span> 
     </span>
     <span class='ocr_line' id='line_1_21' title="bbox 395 3095 2365 3198; baseline 0 -23"><span class='ocrx_word' id='word_1_137' title='bbox 395 3125 546 3176; x_wconf 88' lang='lat' dir='ltr'>non</span> <span class='ocrx_word' id='word_1_138' title='bbox 570 3117 866 3198; x_wconf 90' lang='lat' dir='ltr'>poterat,</span> <span class='ocrx_word' id='word_1_139' title='bbox 917 3095 1276 3184; x_wconf 86' lang='lat' dir='ltr'>convenit,</span> <span class='ocrx_word' id='word_1_140' title='bbox 1307 3095 1416 3170; x_wconf 90' lang='lat' dir='ltr'>uti</span> <span class='ocrx_word' id='word_1_141' title='bbox 1443 3097 1688 3171; x_wconf 86' lang='lat' dir='ltr'>consul</span> <span class='ocrx_word' id='word_1_142' title='bbox 1718 3095 2049 3197; x_wconf 85' lang='lat' dir='ltr'>regesque</span> <span class='ocrx_word' id='word_1_143' title='bbox 2083 3125 2171 3174; x_wconf 90' lang='lat' dir='ltr'>eo</span> <span class='ocrx_word' id='word_1_144' title='bbox 2202 3102 2365 3176; x_wconf 90' lang='lat' dir='ltr'>loco</span> 
     </span>
     <span class='ocr_line' id='line_1_22' title="bbox 399 3215 2365 3320; baseline 0 -26"><span class='ocrx_word' id='word_1_145' title='bbox 399 3219 680 3320; x_wconf 86' lang='lat' dir='ltr'>postero</span> <span class='ocrx_word' id='word_1_146' title='bbox 705 3217 825 3293; x_wconf 88' lang='lat' dir='ltr'>die</span> <span class='ocrx_word' id='word_1_147' title='bbox 856 3217 1473 3316; x_wconf 86' lang='lat' dir='ltr'>congrederentur.</span> <span class='ocrx_word' id='word_1_148' title='bbox 1574 3218 1637 3291; x_wconf 92' lang='lat' dir='ltr'><strong>F</strong></span> <span class='ocrx_word' id='word_1_149' title='bbox 1638 3215 1959 3292; x_wconf 88' lang='lat' dir='ltr'>rustratio</span> <span class='ocrx_word' id='word_1_150' title='bbox 1992 3221 2365 3294; x_wconf 87' lang='lat' dir='ltr'>Gallorum</span> 
     </span>
     <span class='ocr_line' id='line_1_23' title="bbox 395 3335 2363 3437; baseline -0.001 -23"><span class='ocrx_word' id='word_1_151' title='bbox 395 3365 487 3414; x_wconf 86' lang='lat' dir='ltr'>eo</span> <span class='ocrx_word' id='word_1_152' title='bbox 533 3337 911 3437; x_wconf 68' lang='lat' dir='ltr'>spectabat,</span> <span class='ocrx_word' id='word_1_153' title='bbox 959 3335 1276 3436; x_wconf 89' lang='lat' dir='ltr'>primum</span> <span class='ocrx_word' id='word_1_154' title='bbox 1315 3356 1398 3411; x_wconf 91' lang='lat' dir='ltr'>ut</span> <span class='ocrx_word' id='word_1_155' title='bbox 1439 3357 1736 3411; x_wconf 89' lang='lat' dir='ltr'>tererent</span> <span class='ocrx_word' id='word_1_156' title='bbox 1775 3357 2080 3436; x_wconf 89' lang='lat' dir='ltr'>tempus,</span> <span class='ocrx_word' id='word_1_157' title='bbox 2133 3340 2363 3420; x_wconf 87' lang='lat' dir='ltr'>donec</span> 
     </span>
     <span class='ocr_line' id='line_1_24' title="bbox 393 3454 2363 3558; baseline -0.003 -20"><span class='ocrx_word' id='word_1_158' title='bbox 393 3485 504 3538; x_wconf 78' lang='lat' dir='ltr'>res</span> <span class='ocrx_word' id='word_1_159' title='bbox 533 3457 716 3546; x_wconf 85' lang='lat' dir='ltr'>suas,</span> <span class='ocrx_word' id='word_1_160' title='bbox 749 3455 1014 3556; x_wconf 91' lang='lat' dir='ltr'>quibus</span> <span class='ocrx_word' id='word_1_161' title='bbox 1038 3454 1410 3556; x_wconf 89' lang='lat' dir='ltr'>periclitari</span> <span class='ocrx_word' id='word_1_162' title='bbox 1443 3456 1803 3548; x_wconf 87' lang='lat' dir='ltr'>nolebant,</span> <span class='ocrx_word' id='word_1_163' title='bbox 1837 3483 2009 3532; x_wconf 89' lang='lat' dir='ltr'>cum</span> <span class='ocrx_word' id='word_1_164' title='bbox 2042 3457 2363 3558; x_wconf 89' lang='lat' dir='ltr'>conjugi·</span> 
     </span>
     <span class='ocr_line' id='line_1_25' title="bbox 399 3574 2361 3674; baseline -0.004 -16"><span class='ocrx_word' id='word_1_165' title='bbox 399 3583 540 3658; x_wconf 89' lang='lat' dir='ltr'>bus</span> <span class='ocrx_word' id='word_1_166' title='bbox 591 3603 674 3652; x_wconf 89' lang='lat' dir='ltr'>ac</span> <span class='ocrx_word' id='word_1_167' title='bbox 741 3575 980 3652; x_wconf 88' lang='lat' dir='ltr'>liberis</span> <span class='ocrx_word' id='word_1_168' title='bbox 1039 3595 1226 3651; x_wconf 88' lang='lat' dir='ltr'>trans</span> <span class='ocrx_word' id='word_1_169' title='bbox 1282 3577 1532 3674; x_wconf 88' lang='lat' dir='ltr'>Halyn</span> <span class='ocrx_word' id='word_1_170' title='bbox 1590 3579 1861 3651; x_wconf 89' lang='lat' dir='ltr'>flumen</span> <span class='ocrx_word' id='word_1_171' title='bbox 1924 3574 2313 3673; x_wconf 86' lang='lat' dir='ltr'>trajicerent</span> <span class='ocrx_word' id='word_1_172' title='bbox 2340 3607 2361 3650; x_wconf 75' lang='lat' dir='ltr'>t</span> 
     </span>
     <span class='ocr_line' id='line_1_26' title="bbox 396 3693 2364 3794; baseline -0.001 -18"><span class='ocrx_word' id='word_1_173' title='bbox 396 3698 665 3776; x_wconf 82' lang='lat' dir='ltr'>deinde</span> <span class='ocrx_word' id='word_1_174' title='bbox 731 3697 932 3794; x_wconf 89' lang='lat' dir='ltr'>quod</span> <span class='ocrx_word' id='word_1_175' title='bbox 992 3695 1115 3794; x_wconf 85' lang='lat' dir='ltr'>ipfi</span> <span class='ocrx_word' id='word_1_176' title='bbox 1155 3693 1452 3782; x_wconf 89' lang='lat' dir='ltr'>consuli,</span> <span class='ocrx_word' id='word_1_177' title='bbox 1499 3721 1750 3794; x_wconf 89' lang='lat' dir='ltr'>parum</span> <span class='ocrx_word' id='word_1_178' title='bbox 1788 3717 1999 3771; x_wconf 90' lang='lat' dir='ltr'>cauto</span> <span class='ocrx_word' id='word_1_179' title='bbox 2040 3697 2364 3774; x_wconf 85' lang='lat' dir='ltr'>adversus</span> 
     </span>
     <span class='ocr_line' id='line_1_27' title="bbox 405 3813 2362 3917; baseline -0.002 -22"><span class='ocrx_word' id='word_1_180' title='bbox 405 3815 774 3917; x_wconf 82' lang='lat' dir='ltr'>conloquii</span> <span class='ocrx_word' id='word_1_181' title='bbox 807 3813 1157 3903; x_wconf 87' lang='lat' dir='ltr'>fraudem,</span> <span class='ocrx_word' id='word_1_182' title='bbox 1212 3813 1735 3890; x_wconf 74' lang='lat' dir='ltr'>insidiabantur.</span> <span class='ocrx_word' id='word_1_183' title='bbox 1834 3815 2049 3890; x_wconf 90' lang='lat' dir='ltr'>Mille</span> <span class='ocrx_word' id='word_1_184' title='bbox 2081 3817 2171 3890; x_wconf 92' lang='lat' dir='ltr'>ad</span> <span class='ocrx_word' id='word_1_185' title='bbox 2206 3834 2362 3892; x_wconf 87' lang='lat' dir='ltr'>eam</span> 
     </span>
     <span class='ocr_line' id='line_1_28' title="bbox 403 3934 2360 4036; baseline -0.001 -24"><span class='ocrx_word' id='word_1_186' title='bbox 403 3963 552 4012; x_wconf 87' lang='lat' dir='ltr'>rern</span> <span class='ocrx_word' id='word_1_187' title='bbox 611 3963 702 4014; x_wconf 83' lang='lat' dir='ltr'>ex</span> <span class='ocrx_word' id='word_1_188' title='bbox 755 3935 956 4010; x_wconf 87' lang='lat' dir='ltr'>omni</span> <span class='ocrx_word' id='word_1_189' title='bbox 996 3959 1295 4010; x_wconf 87' lang='lat' dir='ltr'>numero</span> <span class='ocrx_word' id='word_1_190' title='bbox 1343 3934 1679 4010; x_wconf 86' lang='lat' dir='ltr'>audaciae</span> <span class='ocrx_word' id='word_1_191' title='bbox 1724 3955 2046 4034; x_wconf 88' lang='lat' dir='ltr'>expertae</span> <span class='ocrx_word' id='word_1_192' title='bbox 2082 3937 2360 4036; x_wconf 88' lang='lat' dir='ltr'>delege-</span> 
     </span>
     <span class='ocr_line' id='line_1_29' title="bbox 403 4054 2359 4160; baseline 0.001 -26"><span class='ocrx_word' id='word_1_193' title='bbox 403 4077 566 4142; x_wconf 77' lang='lat' dir='ltr'>runt</span> <span class='ocrx_word' id='word_1_194' title='bbox 610 4055 911 4157; x_wconf 74' lang='lat' dir='ltr'>equites.</span> <span class='ocrx_word' id='word_1_195' title='bbox 1011 4059 1108 4130; x_wconf 89' lang='lat' dir='ltr'>Et</span> <span class='ocrx_word' id='word_1_196' title='bbox 1153 4054 1561 4132; x_wconf 85' lang='lat' dir='ltr'>succeffiffet</span> <span class='ocrx_word' id='word_1_197' title='bbox 1610 4054 1873 4146; x_wconf 88' lang='lat' dir='ltr'>fraudi,</span> <span class='ocrx_word' id='word_1_198' title='bbox 1924 4055 1999 4131; x_wconf 88' lang='lat' dir='ltr'>ni</span> <span class='ocrx_word' id='word_1_199' title='bbox 2040 4086 2168 4160; x_wconf 89' lang='lat' dir='ltr'>pro</span> <span class='ocrx_word' id='word_1_200' title='bbox 2196 4060 2359 4158; x_wconf 85' lang='lat' dir='ltr'>jure</span> 
     </span>
    </p>
   </div>
  </div>
 </body>
</html>
