3100 5359
785 699 918 774 162
1451 700 2103 786 tractamine.

783 873 1010 956 millia
1047 875 1134 956 ξεῖ*
1168 890 1492 954 trecenta
1525 873 1807 982 viginti
1826 877 2001 956 ocio,
2076 871 2264 952 Cum
2290 869 2737 966 Ariarathe,

786 1035 957 1114 rege
1021 1004 1550 1114 Cappadociae,
1625 1004 1949 1086 amicitia
1993 1003 2277 1110 junbla
2346 1001 2469 1112 est.
2585 1004 2735 1084 Cn.

791 1139 1156 1232 Manlius,
1198 1136 1846 1217 contradicentibus
1874 1135 2101 1216 decem
2126 1134 2411 1244 legatis,
2448 1164 2537 1215 ex
2557 1161 2737 1244 quo-

791 1297 956 1350 rum
993 1268 1538 1375 confiliojbedus
1583 1297 1740 1349 cum
1798 1267 2159 1348 Antiocho
2196 1269 2734 1378 conscripserat,

783 1399 866 1482 de
925 1401 1444 1508 Gallograecis,
1507 1405 1679 1482 abta
1724 1417 1867 1510 pro
1898 1405 1994 1508 st·
2042 1399 2280 1509 cauſja
2326 1401 2405 1482 in
2432 1406 2739 1511 senatu,

788 1531 1318 1640 triumphavit.
1429 1531 1671 1639 Scipio
1706 1531 2143 1639 Africanus,
2182 1533 2292 1615 die
2312 1534 2385 1614 ei
2408 1532 2628 1628 dicia,
2656 1552 2741 1612 ut

791 1663 1080 1773 quidam
1143 1665 1386 1772 ajunt,
1447 1693 1498 1744 a
1558 1669 1659 1774 Q
1702 1665 1990 1745 Petillio
2018 1665 2305 1746 tribuno
2326 1664 2586 1774 plebis,
2656 1684 2741 1745 ut

793 1794 1107 1907 quidam,
1179 1826 1228 1876 a
1287 1797 1606 1893 Naevio,
1679 1795 1869 1909 quod
1896 1797 2181 1906 praeda
2228 1828 2317 1880 ex
2379 1796 2744 1878 Antiocho

793 1946 1014 2038 capta
1033 1929 1406 2010 aerarium
1403 1927 1854 2037 jraudaſjet,
1866 1931 2235 2042 postquam
2254 1931 2317 2010 is
2338 1929 2481 2010 dies
2506 1928 2740 2023 venit,

789 2081 1142 2145 evocatus
1177 2061 1254 2142 in
1295 2063 1585 2171 Rostra,
1616 2062 1795 2143 Hac
1832 2064 1979 2156 die,
2031 2061 2299 2172 inquit,
2370 2057 2740 2171 QiriteS,

795 2194 1354 2304 Karthaginem
1390 2196 1588 2274 vici:
1655 2195 1769 2288 δέ’,
1793 2200 2259 2306 prosequente
2274 2196 2560 2304 populo,
2594 2193 2739 2276 Ca-

784 2326 1118 2438 pitolium
1155 2325 1538 2436 adscendit.
1625 2326 1831 2421 Inde,
1872 2355 1961 2406 ne
1992 2329 2300 2434 amplius
2326 2323 2748 2408 tribuniciis

792 2457 1090 2565 injuriis
1169 2469 1611 2552 vexaretur,
1695 2458 1773 2538 in
1846 2459 2339 2539 voluntarium
2431 2459 2745 2568 eaffilium

793 2588 1192 2672 Liternum
1253 2591 1605 2696 conceffit:
1692 2589 2044 2671 incertum
2098 2588 2225 2685 ibi,
2295 2619 2395 2671 an
2446 2594 2744 2687 Romae,

791 2723 1196 2828 defunctus.
1311 2723 1516 2800 Nam
1588 2721 1737 2828 ejus
1800 2739 2317 2804 monumentum
2370 2723 2749 2834 utrobique

761 2855 973 2962 fuit.
1089 2855 1196 2938 L.
1261 2853 1498 2961 Scipio
1571 2854 1970 2958 Astaticus,
2004 2859 2280 2957 frater
2352 2856 2742 2962 Africani,

793 2984 1019 3068 eodem
1044 2985 1426 3095 peculatus
1461 2983 1757 3064 crimine
1790 2990 2169 3095 accusatus
2203 2984 2746 3098 damnatusque,

795 3147 1014 3229 quum
1074 3118 1152 3196 in
1213 3117 1515 3197 vincula
1579 3117 1665 3196 &³
1714 3144 2073 3198 carcerem
2126 3117 2538 3214 duceretur,
2607 3116 2743 3204 Ti.

797 3249 1248 3362 Sempronius
1272 3248 1681 3342 Gracchus,
1720 3247 2063 3330 tribunus
2077 3251 2333 3358 plebis,
2372 3255 2509 3362 qui
2530 3269 2755 3334 antea

795 3379 1249 3489 Scipionibus
1307 3377 1637 3460 inimicus
1668 3379 1975 3488 fuerat,
2030 3381 2405 3490 interceffi't
2428 3421 2456 3477 3
2528 3385 2617 3465 &⁴
2662 3385 2753 3467 ob

795 3511 882 3594 id
931 3510 1333 3620 beneficium
1405 3511 1769 3619 Africani
1801 3513 2055 3618 filiam
2123 3514 2361 3596 duxit.
2502 3513 2753 3624 Quum

795 3644 1186 3756 quaestores
1220 3643 1298 3723 in
1324 3641 1504 3723 bona
1530 3643 1680 3750 ejus
1698 3643 1977 3757 publice
2002 3645 2399 3754 poffi'denda
2423 3649 2603 3755 miffl'
2633 3654 2751 3760 esl-

764 3783 976 3886 sent,
1037 3805 1174 3858 non
1209 3773 1399 3856 modo
1462 3776 1539 3856 in
1577 3775 1667 3856 iis
1716 3779 1939 3858 ullum
1976 3778 2352 3888 vestigium
2396 3782 2756 3890 pecuniae

796 3908 1039 4017 regiae
1094 3905 1472 4016 adparuit,
1482 3907 1635 4015 fid
1678 3937 2124 4022 nequaquam
2160 3929 2450 3994 tantum
2484 3911 2749 3996 redac-

797 4059 982 4140 tum,
1054 4057 1367 4151 quantae
1391 4041 1728 4152 summae
1769 4060 1932 4124 erat
1980 4041 2387 4128 damnatus.
2494 4047 2751 4128 Conla-
