3100 5359
894 693 969 767 L
1018 717 1047 768 1
1105 717 1147 768 a
1204 718 1250 768 a
1305 718 1354 769 a
1453 694 1849 776 XXXVII.
2282 727 2369 799 91

403 873 460 910 ‘⁴
497 883 717 956 retur,
758 863 1172 955 intercludi,
1208 893 1300 942 ne
1336 867 1819 968 Polyxenidae
1850 868 2384 970 conjungatur.”

399 985 614 1062 Haec
681 984 994 1060 maxime
1060 986 1290 1062 movit
1335 986 1695 1063 sententia.
1796 988 2073 1065 Placuit
2112 1009 2377 1078 tamen,

404 1106 783 1206 Regillum
839 1127 987 1183 tota
1025 1109 1228 1182 claffe
1261 1107 1465 1182 evehi
1497 1111 1591 1184 ad
1626 1131 1915 1208 portum
1944 1107 2231 1206 Ephefi,
2290 1110 2381 1184 ad

405 1224 862 1302 inferendum
881 1227 1204 1302 hostibus
1229 1248 1590 1302 terrorem.

502 1348 708 1422 XVI.
809 1349 895 1424 C.
931 1347 1192 1423 Livius
1224 1372 1394 1423 cum
1426 1349 1707 1422 duabus
1734 1346 2379 1446 quinqueremibus

402 1465 783 1557 RomaniS,
850 1472 917 1544 δε
953 1488 1262 1567 quatuor
1305 1468 1875 1566 quadriremibus
1910 1467 2251 1556 Rhodiis,
2304 1469 2380 1541 δε

403 1587 688 1662 duabus
731 1587 986 1688 apertis
1043 1588 1464 1688 Smyrnaeis,
1507 1589 1583 1664 in
1636 1588 1943 1688 Lyciam
1977 1589 2078 1662 est
2109 1588 2377 1678 miffus,

405 1707 763 1783 Rhodum
789 1709 983 1809 prius
1003 1711 1230 1807 juffus
1249 1710 1468 1796 adire,
1503 1708 1843 1784 &omnia
1863 1733 2033 1784 cum
2064 1707 2153 1782 iis
2186 1735 2381 1784 com-

402 1827 768 1904 municare
821 1829 1126 1904 confilia.
1223 1827 1591 1918 CivitateS‚
1646 1855 1820 1928 quas
1868 1831 2379 1927 praetervectus

397 1948 526 2036 est,
603 1948 930 2038 MiletuS,
1017 1949 1372 2048 Myndus,
1441 1949 1993 2038 Halicarnaffus,
2067 1947 2377 2036 Cnidus,

403 2070 630 2156 Cous,
681 2067 1022 2167 imperata
1071 2067 1257 2144 enise
1304 2068 1646 2144 fecerunt.
1747 2069 2104 2143 Rhodum
2148 2089 2234 2142 ut
2280 2067 2381 2142 est

407 2207 738 2276 ventum,
791 2189 996 2263 fimul
1030 2193 1128 2276 Gt,
1182 2190 1278 2263 ad
1311 2211 1532 2286 quam
1567 2213 1716 2263 rem
1750 2189 1994 2262 miffus
2046 2190 2239 2277 effet,
2290 2186 2378 2262 iis

403 2304 764 2406 exposuit,
809 2311 879 2382 a:
913 2307 1268 2382 consuluit
1299 2333 1442 2383 eoS.
1541 2307 2129 2406 Adprobantibus
2158 2331 2379 2382 cunc-

404 2425 522 2514 tis,
579 2429 650 2501 δι
681 2427 776 2500 ad
807 2449 992 2515 eam,
1053 2451 1276 2526 quam
1334 2429 1663 2516 habebat,
1712 2430 1993 2502 claffem
2042 2425 2381 2502 adsumtis

403 2541 638 2620 tribus
711 2545 1308 2645 quadriremibus,
1387 2548 1674 2646 navigat
1740 2550 2005 2624 Patara.
2136 2545 2382 2621 Primo

402 2663 758 2741 secundus
781 2686 1036 2740 ventus
1053 2667 1148 2741 ad
1179 2665 1401 2766 ipsam
1433 2666 1691 2742 urbem
1717 2665 1984 2741 ferebat
2014 2693 2135 2742 eos
2150 2699 2177 2756 3
2229 2666 2377 2767 spe-

403 2785 822 2884 rabantque,
883 2783 1118 2861 subito
1149 2807 1409 2862 terrore
1431 2785 1713 2884 ‘aliquid
1738 2807 2081 2862 moturos.
2181 2786 2378 2863 Post·

403 2925 656 3004 quam,
711 2903 1237 3006 circumagente
1289 2904 1358 2981 se
1423 2926 1666 2995 vent0,
1734 2905 2073 2981 fluetibus
2139 2905 2380 2982 dubiis

399 3023 598 3100 volvi
631 3045 969 3123 coeptum
1003 3025 1105 3100 est
1156 3051 1376 3116 mare,
1431 3024 1881 3125 pervicerunt
1922 3025 2227 3123 quidem
2273 3053 2377 3108 re·

403 3144 570 3235 mis,
633 3166 720 3221 ut
749 3165 1069 3222 tenerent
1112 3167 1402 3223 terram:
1453 3145 1576 3222 sed
1608 3171 1843 3245 neque
1884 3146 2075 3222 circa
2122 3147 2377 3222 urbem

399 3281 560 3340 ωτι
597 3263 802 3342 statio
851 3288 1023 3357 erat,
1079 3291 1210 3342 nec
1255 3287 1417 3342 ante
1463 3265 1779 3342 hostium
1827 3288 2071 3364 portus
2118 3264 2195 3338 in
2240 3264 2378 3340 salo

403 3383 580 3459 stare
617 3404 966 3483 poterant,
1013 3385 1254 3487 aspero
1304 3387 1510 3477 mari,
1576 3391 1648 3461 δε
1714 3389 1923 3460 nocte
1956 3384 2377 3460 inminente.

404 3505 872 3581 Praeterire&
917 3507 1203 3582 moenia
1233 3529 1526 3606 portum
1560 3505 2078 3595 Phoenicunta,
2137 3503 2381 3580 minus

401 3623 642 3700 duum
673 3625 984 3701 millium
1005 3627 1227 3727 spatio
1259 3627 1432 3704 inde
1467 3629 1871 3717 distantem,
1912 3625 2201 3726 petiere,
2250 3651 2384 3702 naq

399 3743 619 3822 vibus
647 3748 740 3820 ab
771 3745 1129 3824 maritima
1159 3747 1234 3823 vi
1267 3768 1542 3824 tutumt
1596 3746 1716 3824 sed
1746 3751 1923 3826 altae
1954 3771 2161 3845 rupes
2192 3745 2380 3820 insu·

403 3885 536 3966 per
561 3863 1035 3957 inminebant,
1101 3887 1280 3966 quas
1315 3867 1631 3944 celeriter
1663 3866 2033 3969 oppidani,
2098 3864 2379 3942 adsum-

403 3984 498 4060 tis
545 3983 758 4086 negiiz
805 3983 1186 4096 militibus,
1251 4009 1433 4087 quos
1493 3988 1569 4064 in
1616 3989 1956 4089 praefidio
1995 3989 2380 4074 habebant,

401 4123 772 4205 oeperunt.
903 4105 1264 4185 Adversus
1337 4132 1518 4210 quos
1578 4109 1867 4204 Livius,
1940 4129 2381 4208 quamquam
