<?xml version="1.0" encoding="UTF-8"?>
<!DOCTYPE html PUBLIC "-//W3C//DTD XHTML 1.0 Transitional//EN"
    "http://www.w3.org/TR/xhtml1/DTD/xhtml1-transitional.dtd">
<html xmlns="http://www.w3.org/1999/xhtml" xml:lang="en" lang="en">
 <head>
  <title>
</title>
<meta http-equiv="Content-Type" content="text/html;charset=utf-8" />
  <meta name='ocr-system' content='tesseract 3.04.00' />
  <meta name='ocr-capabilities' content='ocr_page ocr_carea ocr_par ocr_line ocrx_word'/>
</head>
<body>
  <div class='ocr_page' id='page_1' title='image "./tliviipatavinih01homegoog_0048.png"; bbox 0 0 3100 5359; ppageno 0'>
   <div class='ocr_carea' id='block_1_1' title="bbox 768 703 1976 803">
    <p class='ocr_par' dir='ltr' id='par_1_1' title="bbox 768 703 1976 803">
     <span class='ocr_line' id='line_1_1' title="bbox 768 703 1976 803; baseline 0 -21"><span class='ocrx_word' id='word_1_1' title='bbox 768 729 865 803; x_wconf 88' lang='lat'>40</span> <span class='ocrx_word' id='word_1_2' title='bbox 1360 703 1976 782; x_wconf 36' lang='lat' dir='ltr'>T.L⁶1v11</span> 
     </span>
    </p>
   </div>
   <div class='ocr_carea' id='block_1_2' title="bbox 773 874 2764 4229">
    <p class='ocr_par' dir='ltr' id='par_1_2' title="bbox 773 874 2764 4229">
     <span class='ocr_line' id='line_1_2' title="bbox 776 874 2762 980; baseline 0.001 -25"><span class='ocrx_word' id='word_1_3' title='bbox 776 905 930 980; x_wconf 86' lang='lat' dir='ltr'>par,</span> <span class='ocrx_word' id='word_1_4' title='bbox 982 874 1225 955; x_wconf 83' lang='lat' dir='ltr'>media</span> <span class='ocrx_word' id='word_1_5' title='bbox 1255 881 1437 955; x_wconf 81' lang='lat' dir='ltr'>valle</span> <span class='ocrx_word' id='word_1_6' title='bbox 1476 881 1676 954; x_wconf 87' lang='lat' dir='ltr'>velut</span> <span class='ocrx_word' id='word_1_7' title='bbox 1707 883 2002 978; x_wconf 83' lang='lat' dir='ltr'>abrupta</span> <span class='ocrx_word' id='word_1_8' title='bbox 2033 879 2126 952; x_wconf 84' lang='lat' dir='ltr'>ab</span> <span class='ocrx_word' id='word_1_9' title='bbox 2171 903 2327 954; x_wconf 77' lang='lat' dir='ltr'>arce</span> <span class='ocrx_word' id='word_1_10' title='bbox 2388 895 2580 968; x_wconf 85' lang='lat' dir='ltr'>erat3</span> <span class='ocrx_word' id='word_1_11' title='bbox 2635 881 2762 957; x_wconf 89' lang='lat' dir='ltr'>sed</span> 
     </span>
     <span class='ocr_line' id='line_1_3' title="bbox 774 999 2764 1099; baseline 0.001 -25"><span class='ocrx_word' id='word_1_12' title='bbox 774 1003 955 1075; x_wconf 84' lang='lat' dir='ltr'>adeo</span> <span class='ocrx_word' id='word_1_13' title='bbox 986 1027 1207 1099; x_wconf 88' lang='lat' dir='ltr'>prope</span> <span class='ocrx_word' id='word_1_14' title='bbox 1253 999 1610 1099; x_wconf 86' lang='lat' dir='ltr'>geminata</span> <span class='ocrx_word' id='word_1_15' title='bbox 1659 999 2034 1075; x_wconf 81' lang='lat' dir='ltr'>cacumina</span> <span class='ocrx_word' id='word_1_16' title='bbox 2079 1019 2329 1072; x_wconf 82' lang='lat' dir='ltr'>eorum</span> <span class='ocrx_word' id='word_1_17' title='bbox 2399 1001 2764 1076; x_wconf 87' lang='lat' dir='ltr'>montium</span> 
     </span>
     <span class='ocr_line' id='line_1_4' title="bbox 779 1117 2762 1215; baseline 0.002 -23"><span class='ocrx_word' id='word_1_18' title='bbox 779 1118 964 1208; x_wconf 90' lang='lat' dir='ltr'>sunt,</span> <span class='ocrx_word' id='word_1_19' title='bbox 1020 1141 1104 1194; x_wconf 88' lang='lat' dir='ltr'>ut</span> <span class='ocrx_word' id='word_1_20' title='bbox 1155 1145 1243 1192; x_wconf 84' lang='lat' dir='ltr'>ex</span> <span class='ocrx_word' id='word_1_21' title='bbox 1288 1121 1549 1195; x_wconf 85' lang='lat' dir='ltr'>vertice</span> <span class='ocrx_word' id='word_1_22' title='bbox 1611 1121 1826 1194; x_wconf 78' lang='lat' dir='ltr'>altero</span> <span class='ocrx_word' id='word_1_23' title='bbox 1893 1117 2154 1215; x_wconf 84' lang='lat' dir='ltr'>conjici</span> <span class='ocrx_word' id='word_1_24' title='bbox 2206 1121 2344 1194; x_wconf 84' lang='lat' dir='ltr'>tela</span> <span class='ocrx_word' id='word_1_25' title='bbox 2415 1119 2488 1194; x_wconf 91' lang='lat' dir='ltr'>in</span> <span class='ocrx_word' id='word_1_26' title='bbox 2519 1145 2762 1195; x_wconf 82' lang='lat' dir='ltr'>arcem</span> 
     </span>
     <span class='ocr_line' id='line_1_5' title="bbox 782 1238 2758 1340; baseline 0.001 -28"><span class='ocrx_word' id='word_1_27' title='bbox 782 1242 1075 1337; x_wconf 86' lang='lat' dir='ltr'>poffint:</span> <span class='ocrx_word' id='word_1_28' title='bbox 1134 1261 1305 1314; x_wconf 89' lang='lat' dir='ltr'>cum</span> <span class='ocrx_word' id='word_1_29' title='bbox 1368 1240 1672 1315; x_wconf 86' lang='lat' dir='ltr'>dimidia</span> <span class='ocrx_word' id='word_1_30' title='bbox 1713 1262 1908 1340; x_wconf 84' lang='lat' dir='ltr'>parte</span> <span class='ocrx_word' id='word_1_31' title='bbox 1960 1239 2276 1314; x_wconf 86' lang='lat' dir='ltr'>militum</span> <span class='ocrx_word' id='word_1_32' title='bbox 2335 1238 2606 1327; x_wconf 88' lang='lat' dir='ltr'>consul,</span> <span class='ocrx_word' id='word_1_33' title='bbox 2665 1241 2758 1314; x_wconf 81' lang='lat' dir='ltr'>ab</span> 
     </span>
     <span class='ocr_line' id='line_1_6' title="bbox 788 1359 2760 1460; baseline 0.001 -27"><span class='ocrx_word' id='word_1_34' title='bbox 788 1363 967 1434; x_wconf 86' lang='lat' dir='ltr'>urbe</span> <span class='ocrx_word' id='word_1_35' title='bbox 1000 1360 1399 1435; x_wconf 86' lang='lat' dir='ltr'>escensurus</span> <span class='ocrx_word' id='word_1_36' title='bbox 1426 1362 1500 1436; x_wconf 90' lang='lat' dir='ltr'>in</span> <span class='ocrx_word' id='word_1_37' title='bbox 1526 1387 1786 1449; x_wconf 88' lang='lat' dir='ltr'>arcem,</span> <span class='ocrx_word' id='word_1_38' title='bbox 1833 1365 2110 1460; x_wconf 75' lang='lat' dir='ltr'>signum</span> <span class='ocrx_word' id='word_1_39' title='bbox 2169 1362 2260 1435; x_wconf 85' lang='lat' dir='ltr'>ab</span> <span class='ocrx_word' id='word_1_40' title='bbox 2312 1359 2424 1448; x_wconf 85' lang='lat' dir='ltr'>iis,</span> <span class='ocrx_word' id='word_1_41' title='bbox 2485 1359 2614 1459; x_wconf 92' lang='lat' dir='ltr'>qui</span> <span class='ocrx_word' id='word_1_42' title='bbox 2667 1363 2760 1435; x_wconf 84' lang='lat' dir='ltr'>ab</span> 
     </span>
     <span class='ocr_line' id='line_1_7' title="bbox 783 1479 2758 1581; baseline 0.001 -28"><span class='ocrx_word' id='word_1_43' title='bbox 783 1501 981 1580; x_wconf 82' lang='lat' dir='ltr'>tergo</span> <span class='ocrx_word' id='word_1_44' title='bbox 1014 1479 1091 1554; x_wconf 92' lang='lat' dir='ltr'>in</span> <span class='ocrx_word' id='word_1_45' title='bbox 1145 1507 1397 1580; x_wconf 85' lang='lat' dir='ltr'>rupem</span> <span class='ocrx_word' id='word_1_46' title='bbox 1436 1481 1702 1560; x_wconf 85' lang='lat' dir='ltr'>evasuri</span> <span class='ocrx_word' id='word_1_47' title='bbox 1747 1503 1968 1570; x_wconf 80' lang='lat' dir='ltr'>erant,</span> <span class='ocrx_word' id='word_1_48' title='bbox 2019 1479 2482 1581; x_wconf 65' lang='lat' dir='ltr'>exspeecabat.</span> <span class='ocrx_word' id='word_1_49' title='bbox 2580 1483 2758 1556; x_wconf 87' lang='lat' dir='ltr'>Non</span> 
     </span>
     <span class='ocr_line' id='line_1_8' title="bbox 784 1585 2756 1700; baseline 0.002 -27"><span class='ocrx_word' id='word_1_50' title='bbox 784 1602 1035 1689; x_wconf 72' lang='lat' dir='ltr'>tulere,</span> <span class='ocrx_word' id='word_1_51' title='bbox 1091 1585 1220 1700; x_wconf 53' lang='lat' dir='ltr'>qui</span> <span class='ocrx_word' id='word_1_52' title='bbox 1258 1601 1332 1677; x_wconf 91' lang='lat' dir='ltr'>in</span> <span class='ocrx_word' id='word_1_53' title='bbox 1377 1627 1533 1678; x_wconf 86' lang='lat' dir='ltr'>arce</span> <span class='ocrx_word' id='word_1_54' title='bbox 1577 1623 1796 1690; x_wconf 85' lang='lat' dir='ltr'>erant,</span> <span class='ocrx_word' id='word_1_55' title='bbox 1865 1600 2107 1677; x_wconf 86' lang='lat' dir='ltr'>Aetoli</span> <span class='ocrx_word' id='word_1_56' title='bbox 2133 1601 2450 1700; x_wconf 86' lang='lat' dir='ltr'>primum</span> <span class='ocrx_word' id='word_1_57' title='bbox 2475 1625 2756 1691; x_wconf 87' lang='lat' dir='ltr'>eorum,</span> 
     </span>
     <span class='ocr_line' id='line_1_9' title="bbox 780 1719 2754 1821; baseline 0.002 -28"><span class='ocrx_word' id='word_1_58' title='bbox 780 1719 909 1819; x_wconf 89' lang='lat' dir='ltr'>qui</span> <span class='ocrx_word' id='word_1_59' title='bbox 945 1745 1195 1818; x_wconf 87' lang='lat' dir='ltr'>rupem</span> <span class='ocrx_word' id='word_1_60' title='bbox 1241 1743 1592 1821; x_wconf 85' lang='lat' dir='ltr'>ceperant,</span> <span class='ocrx_word' id='word_1_61' title='bbox 1657 1726 2065 1810; x_wconf 85' lang='lat' dir='ltr'>clamorem,</span> <span class='ocrx_word' id='word_1_62' title='bbox 2127 1722 2390 1796; x_wconf 86' lang='lat' dir='ltr'>deinde</span> <span class='ocrx_word' id='word_1_63' title='bbox 2424 1720 2754 1820; x_wconf 89' lang='lat' dir='ltr'>inpetum</span> 
     </span>
     <span class='ocr_line' id='line_1_10' title="bbox 777 1839 2758 1939; baseline -0.002 -23"><span class='ocrx_word' id='word_1_64' title='bbox 777 1843 869 1916; x_wconf 84' lang='lat' dir='ltr'>ab</span> <span class='ocrx_word' id='word_1_65' title='bbox 933 1845 1110 1916; x_wconf 90' lang='lat' dir='ltr'>urbe</span> <span class='ocrx_word' id='word_1_66' title='bbox 1147 1845 1674 1932; x_wconf 87' lang='lat' dir='ltr'>Romanorum,</span> <span class='ocrx_word' id='word_1_67' title='bbox 1730 1847 1800 1917; x_wconf 79' lang='grc' dir='ltr'>ὅτ</span> <span class='ocrx_word' id='word_1_68' title='bbox 1853 1842 2084 1918; x_wconf 72' lang='lat' dir='ltr'>fraffls</span> <span class='ocrx_word' id='word_1_69' title='bbox 2125 1843 2276 1939; x_wconf 82' lang='lat' dir='ltr'>jam</span> <span class='ocrx_word' id='word_1_70' title='bbox 2327 1839 2611 1930; x_wconf 82' lang='lat' dir='ltr'>animis,</span> <span class='ocrx_word' id='word_1_71' title='bbox 2677 1841 2758 1913; x_wconf 73' lang='grc' dir='ltr'>δι’,</span> 
     </span>
     <span class='ocr_line' id='line_1_11' title="bbox 782 1960 2756 2062; baseline 0.001 -30"><span class='ocrx_word' id='word_1_72' title='bbox 782 1961 977 2034; x_wconf 86' lang='lat' dir='ltr'>nulla</span> <span class='ocrx_word' id='word_1_73' title='bbox 1010 1960 1111 2036; x_wconf 90' lang='lat' dir='ltr'>ibi</span> <span class='ocrx_word' id='word_1_74' title='bbox 1141 1984 1535 2062; x_wconf 82' lang='lat' dir='ltr'>praeparata</span> <span class='ocrx_word' id='word_1_75' title='bbox 1566 1989 1638 2038; x_wconf 88' lang='lat' dir='ltr'>re</span> <span class='ocrx_word' id='word_1_76' title='bbox 1673 1964 1765 2037; x_wconf 89' lang='lat' dir='ltr'>ad</span> <span class='ocrx_word' id='word_1_77' title='bbox 1798 1961 2238 2038; x_wconf 74' lang='lat' dir='ltr'>obsidionem</span> <span class='ocrx_word' id='word_1_78' title='bbox 2272 1960 2548 2035; x_wconf 78' lang='lat' dir='ltr'>diutius</span> <span class='ocrx_word' id='word_1_79' title='bbox 2579 1963 2756 2035; x_wconf 86' lang='lat' dir='ltr'>tole-</span> 
     </span>
     <span class='ocr_line' id='line_1_12' title="bbox 784 2079 2756 2182; baseline 0.002 -28"><span class='ocrx_word' id='word_1_80' title='bbox 784 2080 1111 2154; x_wconf 86' lang='lat' dir='ltr'>randam:</span> <span class='ocrx_word' id='word_1_81' title='bbox 1180 2103 1427 2181; x_wconf 88' lang='lat' dir='ltr'>utpote</span> <span class='ocrx_word' id='word_1_82' title='bbox 1474 2081 1918 2182; x_wconf 85' lang='lat' dir='ltr'>congregatis</span> <span class='ocrx_word' id='word_1_83' title='bbox 1975 2080 2284 2169; x_wconf 88' lang='lat' dir='ltr'>feminis,</span> <span class='ocrx_word' id='word_1_84' title='bbox 2347 2079 2756 2180; x_wconf 89' lang='lat' dir='ltr'>puerisque,</span> 
     </span>
     <span class='ocr_line' id='line_1_13' title="bbox 782 2198 2754 2301; baseline 0.001 -27"><span class='ocrx_word' id='word_1_85' title='bbox 782 2203 853 2274; x_wconf 67' lang='lat'>81</span> <span class='ocrx_word' id='word_1_86' title='bbox 904 2198 1149 2275; x_wconf 87' lang='lat' dir='ltr'>inbelli</span> <span class='ocrx_word' id='word_1_87' title='bbox 1198 2201 1335 2275; x_wconf 84' lang='lat' dir='ltr'>alia</span> <span class='ocrx_word' id='word_1_88' title='bbox 1380 2205 1586 2278; x_wconf 91' lang='lat' dir='ltr'>turba</span> <span class='ocrx_word' id='word_1_89' title='bbox 1644 2201 1721 2277; x_wconf 92' lang='lat' dir='ltr'>in</span> <span class='ocrx_word' id='word_1_90' title='bbox 1755 2225 2012 2291; x_wconf 88' lang='lat' dir='ltr'>arcem,</span> <span class='ocrx_word' id='word_1_91' title='bbox 2074 2227 2256 2301; x_wconf 83' lang='lat' dir='ltr'>quae</span> <span class='ocrx_word' id='word_1_92' title='bbox 2299 2199 2426 2276; x_wconf 82' lang='lat' dir='ltr'>vix</span> <span class='ocrx_word' id='word_1_93' title='bbox 2479 2227 2754 2301; x_wconf 83' lang='lat' dir='ltr'>capere,</span> 
     </span>
     <span class='ocr_line' id='line_1_14' title="bbox 780 2321 2758 2424; baseline 0.002 -30"><span class='ocrx_word' id='word_1_94' title='bbox 780 2321 1052 2395; x_wconf 85' lang='lat' dir='ltr'>nedum</span> <span class='ocrx_word' id='word_1_95' title='bbox 1076 2321 1286 2411; x_wconf 85' lang='lat' dir='ltr'>tueri,</span> <span class='ocrx_word' id='word_1_96' title='bbox 1309 2323 1850 2399; x_wconf 87' lang='lat' dir='ltr'>multitudinem</span> <span class='ocrx_word' id='word_1_97' title='bbox 1872 2345 2136 2398; x_wconf 80' lang='lat' dir='ltr'>tantam</span> <span class='ocrx_word' id='word_1_98' title='bbox 2155 2325 2396 2424; x_wconf 82' lang='lat' dir='ltr'>poffet.</span> <span class='ocrx_word' id='word_1_99' title='bbox 2478 2325 2758 2423; x_wconf 87' lang='lat' dir='ltr'>Itaque,</span> 
     </span>
     <span class='ocr_line' id='line_1_15' title="bbox 785 2439 2762 2540; baseline 0.004 -27"><span class='ocrx_word' id='word_1_100' title='bbox 785 2439 878 2513; x_wconf 77' lang='lat' dir='ltr'>ad</span> <span class='ocrx_word' id='word_1_101' title='bbox 924 2441 1239 2537; x_wconf 87' lang='lat' dir='ltr'>primurn</span> <span class='ocrx_word' id='word_1_102' title='bbox 1294 2441 1625 2540; x_wconf 88' lang='lat' dir='ltr'>inpetum</span> <span class='ocrx_word' id='word_1_103' title='bbox 1677 2442 1963 2540; x_wconf 68' lang='lat' dir='ltr'>abjectis</span> <span class='ocrx_word' id='word_1_104' title='bbox 2013 2442 2249 2532; x_wconf 84' lang='lat' dir='ltr'>armis,</span> <span class='ocrx_word' id='word_1_105' title='bbox 2325 2443 2762 2520; x_wconf 87' lang='lat' dir='ltr'>dediderunt</span> 
     </span>
     <span class='ocr_line' id='line_1_16' title="bbox 782 2558 2754 2662; baseline 0.003 -30"><span class='ocrx_word' id='word_1_106' title='bbox 782 2558 941 2632; x_wconf 88' lang='lat' dir='ltr'>sese.</span> <span class='ocrx_word' id='word_1_107' title='bbox 1043 2561 1385 2636; x_wconf 86' lang='lat' dir='ltr'>Traditus</span> <span class='ocrx_word' id='word_1_108' title='bbox 1437 2563 1620 2636; x_wconf 83' lang='lat' dir='ltr'>inter</span> <span class='ocrx_word' id='word_1_109' title='bbox 1667 2583 1930 2637; x_wconf 80' lang='lat' dir='ltr'>ceteros</span> <span class='ocrx_word' id='word_1_110' title='bbox 1962 2562 2292 2662; x_wconf 85' lang='lat' dir='ltr'>princeps</span> <span class='ocrx_word' id='word_1_111' title='bbox 2325 2565 2754 2638; x_wconf 88' lang='lat' dir='ltr'>Aetolorum</span> 
     </span>
     <span class='ocr_line' id='line_1_17' title="bbox 785 2679 2754 2781; baseline 0.004 -30"><span class='ocrx_word' id='word_1_112' title='bbox 785 2679 1243 2755; x_wconf 85' lang='lat' dir='ltr'>Damocritus</span> <span class='ocrx_word' id='word_1_113' title='bbox 1276 2681 1414 2755; x_wconf 83' lang='lat' dir='ltr'>est:</span> <span class='ocrx_word' id='word_1_114' title='bbox 1468 2680 1595 2780; x_wconf 86' lang='lat' dir='ltr'>qui</span> <span class='ocrx_word' id='word_1_115' title='bbox 1630 2680 1984 2781; x_wconf 89' lang='lat' dir='ltr'>principio</span> <span class='ocrx_word' id='word_1_116' title='bbox 2017 2682 2185 2758; x_wconf 89' lang='lat' dir='ltr'>belli</span> <span class='ocrx_word' id='word_1_117' title='bbox 2219 2685 2583 2758; x_wconf 84' lang='lat' dir='ltr'>decretum</span> <span class='ocrx_word' id='word_1_118' title='bbox 2606 2689 2754 2758; x_wconf 88' lang='lat' dir='ltr'>Ae·-</span> 
     </span>
     <span class='ocr_line' id='line_1_18' title="bbox 776 2799 2752 2898; baseline 0.004 -28"><span class='ocrx_word' id='word_1_119' title='bbox 776 2799 1113 2886; x_wconf 86' lang='lat' dir='ltr'>tolorum‚</span> <span class='ocrx_word' id='word_1_120' title='bbox 1150 2825 1303 2898; x_wconf 90' lang='lat' dir='ltr'>quo</span> <span class='ocrx_word' id='word_1_121' title='bbox 1328 2802 1813 2876; x_wconf 82' lang='lat' dir='ltr'>arceffendum</span> <span class='ocrx_word' id='word_1_122' title='bbox 1835 2802 2285 2878; x_wconf 89' lang='lat' dir='ltr'>Antiochum</span> <span class='ocrx_word' id='word_1_123' title='bbox 2313 2801 2752 2892; x_wconf 86' lang='lat' dir='ltr'>censuerant,</span> 
     </span>
     <span class='ocr_line' id='line_1_19' title="bbox 779 2918 2754 3019; baseline 0.004 -27"><span class='ocrx_word' id='word_1_124' title='bbox 779 2919 875 2992; x_wconf 83' lang='grc' dir='ltr'>Τ.</span> <span class='ocrx_word' id='word_1_125' title='bbox 902 2918 1252 3019; x_wconf 65' lang='lat' dir='ltr'>Qinetio</span> <span class='ocrx_word' id='word_1_126' title='bbox 1270 2920 1586 3018; x_wconf 90' lang='lat' dir='ltr'>poscenti</span> <span class='ocrx_word' id='word_1_127' title='bbox 1609 2920 2054 3019; x_wconf 84' lang='lat' dir='ltr'>responderat</span> <span class='ocrx_word' id='word_1_128' title='bbox 2078 2953 2097 2994; x_wconf 71' lang='grc' dir='ltr'><em>ε</em></span> <span class='ocrx_word' id='word_1_129' title='bbox 2129 2933 2180 2967; x_wconf 90' lang='lat'><strong>“</strong></span> <span class='ocrx_word' id='word_1_130' title='bbox 2217 2925 2302 2997; x_wconf 89' lang='lat' dir='ltr'>In</span> <span class='ocrx_word' id='word_1_131' title='bbox 2331 2920 2528 2997; x_wconf 83' lang='lat' dir='ltr'>Italia</span> <span class='ocrx_word' id='word_1_132' title='bbox 2547 2925 2754 2999; x_wconf 79' lang='lat' dir='ltr'>datu-</span> 
     </span>
     <span class='ocr_line' id='line_1_20' title="bbox 775 3039 2754 3142; baseline 0.005 -30"><span class='ocrx_word' id='word_1_133' title='bbox 775 3048 827 3082; x_wconf 88' lang='lat'>“</span> <span class='ocrx_word' id='word_1_134' title='bbox 862 3063 1050 3128; x_wconf 87' lang='lat' dir='ltr'>rum,</span> <span class='ocrx_word' id='word_1_135' title='bbox 1070 3065 1304 3139; x_wconf 88' lang='lat' dir='ltr'>quum</span> <span class='ocrx_word' id='word_1_136' title='bbox 1330 3039 1543 3116; x_wconf 86' lang='lat' dir='ltr'>castra</span> <span class='ocrx_word' id='word_1_137' title='bbox 1565 3039 1665 3116; x_wconf 91' lang='lat' dir='ltr'>ibi</span> <span class='ocrx_word' id='word_1_138' title='bbox 1687 3040 1927 3115; x_wconf 89' lang='lat' dir='ltr'>Aetoli</span> <span class='ocrx_word' id='word_1_139' title='bbox 1947 3039 2394 3142; x_wconf 82' lang='lat' dir='ltr'>posuiffent.&#39;’</span> <span class='ocrx_word' id='word_1_140' title='bbox 2449 3045 2572 3119; x_wconf 93' lang='lat' dir='ltr'>Ob</span> <span class='ocrx_word' id='word_1_141' title='bbox 2593 3069 2754 3122; x_wconf 77' lang='lat' dir='ltr'>eam</span> 
     </span>
     <span class='ocr_line' id='line_1_21' title="bbox 778 3157 2654 3262; baseline 0.004 -27"><span class='ocrx_word' id='word_1_142' title='bbox 778 3157 1111 3235; x_wconf 84' lang='lat' dir='ltr'>ferociam</span> <span class='ocrx_word' id='word_1_143' title='bbox 1132 3161 1355 3256; x_wconf 83' lang='lat' dir='ltr'>majus</span> <span class='ocrx_word' id='word_1_144' title='bbox 1386 3159 1776 3236; x_wconf 63' lang='lat' dir='ltr'>vietoribus</span> <span class='ocrx_word' id='word_1_145' title='bbox 1800 3161 2148 3262; x_wconf 85' lang='lat' dir='ltr'>gaudium</span> <span class='ocrx_word' id='word_1_146' title='bbox 2171 3162 2467 3240; x_wconf 83' lang='lat' dir='ltr'>traditus</span> <span class='ocrx_word' id='word_1_147' title='bbox 2491 3162 2654 3242; x_wconf 84' lang='lat' dir='ltr'>fuit.</span> 
     </span>
     <span class='ocr_line' id='line_1_22' title="bbox 874 3281 2750 3381; baseline 0.004 -27"><span class='ocrx_word' id='word_1_148' title='bbox 874 3281 1116 3354; x_wconf 88' lang='lat' dir='ltr'>XXV.</span> <span class='ocrx_word' id='word_1_149' title='bbox 1220 3281 1502 3354; x_wconf 87' lang='lat' dir='ltr'>Eodem</span> <span class='ocrx_word' id='word_1_150' title='bbox 1545 3301 1892 3380; x_wconf 88' lang='lat' dir='ltr'>tempore,</span> <span class='ocrx_word' id='word_1_151' title='bbox 1939 3309 2090 3381; x_wconf 90' lang='lat' dir='ltr'>quo</span> <span class='ocrx_word' id='word_1_152' title='bbox 2143 3284 2458 3358; x_wconf 79' lang='lat' dir='ltr'>Romani</span> <span class='ocrx_word' id='word_1_153' title='bbox 2517 3287 2750 3361; x_wconf 73' lang='lat' dir='ltr'>Hera·</span> 
     </span>
     <span class='ocr_line' id='line_1_23' title="bbox 777 3398 2750 3506; baseline 0.004 -33"><span class='ocrx_word' id='word_1_154' title='bbox 777 3401 1029 3488; x_wconf 86' lang='lat' dir='ltr'>cleam,</span> <span class='ocrx_word' id='word_1_155' title='bbox 1094 3398 1469 3498; x_wconf 88' lang='lat' dir='ltr'>Philippus</span> <span class='ocrx_word' id='word_1_156' title='bbox 1512 3400 1844 3475; x_wconf 83' lang='lat' dir='ltr'>Lamiam</span> <span class='ocrx_word' id='word_1_157' title='bbox 1897 3425 1989 3476; x_wconf 84' lang='lat' dir='ltr'>ex</span> <span class='ocrx_word' id='word_1_158' title='bbox 2047 3406 2434 3501; x_wconf 87' lang='lat' dir='ltr'>compofito</span> <span class='ocrx_word' id='word_1_159' title='bbox 2466 3407 2750 3506; x_wconf 87' lang='lat' dir='ltr'>obpug-</span> 
     </span>
     <span class='ocr_line' id='line_1_24' title="bbox 776 3517 2750 3620; baseline 0.005 -28"><span class='ocrx_word' id='word_1_160' title='bbox 776 3521 1014 3606; x_wconf 78' lang='lat' dir='ltr'>nabat,</span> <span class='ocrx_word' id='word_1_161' title='bbox 1068 3517 1255 3594; x_wconf 86' lang='lat' dir='ltr'>circa</span> <span class='ocrx_word' id='word_1_162' title='bbox 1288 3522 1804 3620; x_wconf 88' lang='lat' dir='ltr'>Thermopylas</span> <span class='ocrx_word' id='word_1_163' title='bbox 1829 3547 2002 3598; x_wconf 89' lang='lat' dir='ltr'>cum</span> <span class='ocrx_word' id='word_1_164' title='bbox 2035 3521 2347 3612; x_wconf 89' lang='lat' dir='ltr'>consule,</span> <span class='ocrx_word' id='word_1_165' title='bbox 2409 3527 2750 3602; x_wconf 86' lang='lat' dir='ltr'>redeunte</span> 
     </span>
     <span class='ocr_line' id='line_1_25' title="bbox 775 3637 2750 3742; baseline 0.005 -29"><span class='ocrx_word' id='word_1_166' title='bbox 775 3665 869 3714; x_wconf 86' lang='lat' dir='ltr'>ex</span> <span class='ocrx_word' id='word_1_167' title='bbox 897 3637 1212 3728; x_wconf 89' lang='lat' dir='ltr'>Boeotia,</span> <span class='ocrx_word' id='word_1_168' title='bbox 1269 3657 1355 3713; x_wconf 93' lang='lat' dir='ltr'>ut</span> <span class='ocrx_word' id='word_1_169' title='bbox 1384 3639 1754 3715; x_wconf 57' lang='lat' dir='ltr'>vidioriarn</span> <span class='ocrx_word' id='word_1_170' title='bbox 1789 3639 1916 3739; x_wconf 75' lang='lat' dir='ltr'>ipsi</span> <span class='ocrx_word' id='word_1_171' title='bbox 1962 3645 2380 3742; x_wconf 85' lang='lat' dir='ltr'>populoque</span> <span class='ocrx_word' id='word_1_172' title='bbox 2413 3648 2750 3722; x_wconf 85' lang='lat' dir='ltr'>Romano</span> 
     </span>
     <span class='ocr_line' id='line_1_26' title="bbox 780 3760 2750 3866; baseline 0.005 -32"><span class='ocrx_word' id='word_1_173' title='bbox 780 3761 1267 3860; x_wconf 86' lang='lat' dir='ltr'>gratularetur,</span> <span class='ocrx_word' id='word_1_174' title='bbox 1338 3760 1867 3860; x_wconf 82' lang='lat' dir='ltr'>excusaretque,</span> <span class='ocrx_word' id='word_1_175' title='bbox 1936 3764 2137 3862; x_wconf 89' lang='lat' dir='ltr'>quod</span> <span class='ocrx_word' id='word_1_176' title='bbox 2183 3767 2436 3841; x_wconf 89' lang='lat' dir='ltr'>morbo</span> <span class='ocrx_word' id='word_1_177' title='bbox 2470 3767 2750 3866; x_wconf 87' lang='lat' dir='ltr'>inpedi-</span> 
     </span>
     <span class='ocr_line' id='line_1_27' title="bbox 776 3878 2750 3984; baseline 0.005 -30"><span class='ocrx_word' id='word_1_178' title='bbox 776 3901 891 3954; x_wconf 89' lang='lat' dir='ltr'>tus</span> <span class='ocrx_word' id='word_1_179' title='bbox 930 3881 1119 3956; x_wconf 89' lang='lat' dir='ltr'>bello</span> <span class='ocrx_word' id='word_1_180' title='bbox 1164 3905 1312 3953; x_wconf 89' lang='lat' dir='ltr'>non</span> <span class='ocrx_word' id='word_1_181' title='bbox 1378 3878 1823 3970; x_wconf 77' lang='lat' dir='ltr'>interfuifl’et,</span> <span class='ocrx_word' id='word_1_182' title='bbox 1884 3881 2306 3984; x_wconf 79' lang='lat' dir='ltr'>congressus·</span> <span class='ocrx_word' id='word_1_183' title='bbox 2406 3889 2585 3963; x_wconf 89' lang='lat' dir='ltr'>Inde</span> <span class='ocrx_word' id='word_1_184' title='bbox 2641 3888 2750 3963; x_wconf 83' lang='lat' dir='ltr'>di-</span> 
     </span>
     <span class='ocr_line' id='line_1_28' title="bbox 773 3999 2752 4107; baseline 0.004 -31"><span class='ocrx_word' id='word_1_185' title='bbox 773 4004 943 4076; x_wconf 83' lang='lat' dir='ltr'>verfi</span> <span class='ocrx_word' id='word_1_186' title='bbox 1000 4002 1093 4075; x_wconf 83' lang='lat' dir='ltr'>ad</span> <span class='ocrx_word' id='word_1_187' title='bbox 1152 4002 1327 4075; x_wconf 87' lang='lat' dir='ltr'>duas</span> <span class='ocrx_word' id='word_1_188' title='bbox 1370 3999 1581 4074; x_wconf 85' lang='lat' dir='ltr'>sunul</span> <span class='ocrx_word' id='word_1_189' title='bbox 1624 4003 2139 4102; x_wconf 79' lang='lat' dir='ltr'>obpugnandas</span> <span class='ocrx_word' id='word_1_190' title='bbox 2171 4009 2382 4082; x_wconf 85' lang='lat' dir='ltr'>urbes</span> <span class='ocrx_word' id='word_1_191' title='bbox 2427 4007 2752 4107; x_wconf 68' lang='lat' dir='ltr'>profeffl.</span> 
     </span>
     <span class='ocr_line' id='line_1_29' title="bbox 774 4119 2754 4229; baseline 0.005 -34"><span class='ocrx_word' id='word_1_192' title='bbox 774 4120 1124 4196; x_wconf 87' lang='lat' dir='ltr'>Intersunt</span> <span class='ocrx_word' id='word_1_193' title='bbox 1155 4119 1421 4218; x_wconf 89' lang='lat' dir='ltr'>septem</span> <span class='ocrx_word' id='word_1_194' title='bbox 1454 4119 1681 4195; x_wconf 86' lang='lat' dir='ltr'>millia</span> <span class='ocrx_word' id='word_1_195' title='bbox 1736 4120 1954 4197; x_wconf 88' lang='lat' dir='ltr'>ferme</span> <span class='ocrx_word' id='word_1_196' title='bbox 1985 4123 2339 4222; x_wconf 80' lang='lat' dir='ltr'>paffuum.</span> <span class='ocrx_word' id='word_1_197' title='bbox 2443 4131 2542 4204; x_wconf 92' lang='lat' dir='ltr'>Et</span> <span class='ocrx_word' id='word_1_198' title='bbox 2579 4127 2754 4229; x_wconf 71' lang='lat' dir='ltr'>quia</span> 
     </span>
    </p>
   </div>
  </div>
 </body>
</html>
