3100 5359
722 705 862 776 208
1376 705 2009 778 T.L1v11

719 877 795 952 in
833 880 994 950 Afia
1026 901 1196 950 cum
1233 875 1454 950 Gallis
1481 876 1821 974 perfeeto,
1866 879 2039 952 alter
2070 877 2313 952 consul
2350 881 2465 954 M.
2502 880 2563 952 F
2566 880 2679 952 ul-

717 995 902 1084 viuS,
955 994 1372 1093 perdomitis
1405 995 1709 1085 AetoliS,
1769 1023 2003 1094 quum
2036 997 2397 1094 trajecisset
2428 998 2505 1070 in
2541 1001 2681 1073 Ce-

717 1115 1170 1214 phalleniam,
1207 1115 1391 1189 circa
1411 1113 1726 1190 civitates
1754 1115 2018 1191 insulae
2052 1117 2233 1190 misit
2266 1123 2683 1215 percuncta-

718 1256 902 1322 tum,
936 1257 1177 1310 utrum
1205 1233 1270 1310 se
1299 1236 1557 1311 dedere
1584 1236 1957 1324 Romanis,
2004 1264 2089 1310 an
2122 1238 2289 1328 belli
2316 1237 2680 1314 fortunam

717 1354 1044 1455 experiri,
1106 1357 1447 1430 mallent?
1501 1359 1755 1430 Metus
1819 1356 1909 1430 ad
1972 1383 2217 1430 omnes
2274 1357 2523 1447 valuit,
2589 1385 2685 1433 ne

718 1473 1160 1550 deditionem
1215 1475 1626 1550 recusarent.
1728 1477 2025 1550 Obfides
2080 1475 2247 1552 inde
2298 1477 2683 1576 imperatos

719 1619 848 1692 pro
889 1593 1160 1670 viribus
1190 1595 1422 1694 inopis
1453 1594 1731 1694 populi,
1783 1595 2068 1670 vicenos
2104 1599 2453 1685 Nefiotae,
2508 1599 2679 1671 Cra-

716 1712 846 1802 nii,
883 1714 1197 1789 Palenses
1249 1719 1317 1790 &
1363 1714 1635 1790 Samaei
1683 1717 2055 1790 dederunt.
2156 1715 2505 1816 Insperata
2532 1741 2679 1814 pax

717 1835 1211 1932 Cephalleniae
1263 1832 1686 1925 adfulserat3
1739 1860 1971 1935 quum
2012 1857 2295 1933 repente
2331 1862 2473 1911 una
2502 1835 2681 1912 civi·

716 1977 844 2043 taS,
909 1954 1260 2028 incertum
1301 1981 1520 2053 quam
1552 1959 1651 2030 ob
1686 1958 2017 2044 caussam,
2052 1955 2321 2030 Samaei
2358 1955 2673 2031 descive-

713 2097 901 2150 runt.
999 2074 1195 2176 Qia
1233 2095 1636 2174 opportuno
1674 2078 1835 2150 loco
1874 2079 2041 2150 urbs
2086 2076 2306 2174 posita
2344 2079 2533 2163 esset,
2586 2075 2675 2150 ti-

712 2194 961 2270 muiffe
990 2194 1056 2270 se
1085 2195 1385 2290 ajebant,
1421 2221 1510 2268 ne
1531 2196 1925 2295 demigrare
1954 2219 2375 2295 cogerentur
2399 2201 2489 2272 ab
2518 2199 2675 2271 Ro-

707 2315 958 2390 manis.
1057 2317 1394 2390 Ceterum
1431 2313 1647 2412 ipfine
1674 2315 1797 2390 fibi
1826 2341 1995 2390 eum
2024 2315 2357 2390 finxerint
2390 2337 2671 2392 metum

705 2439 774 2510 δε
803 2434 1056 2510 timore
1081 2461 1263 2509 vano
1289 2435 1607 2532 quietem
1633 2433 1981 2523 exuerint,
2009 2462 2097 2509 an
2118 2437 2377 2532 jactata
2399 2434 2659 2512 sermo-

714 2553 924 2630 nibus
971 2581 1075 2629 res
1120 2555 1312 2652 apud
1357 2557 1725 2628 Romanos
1777 2557 2037 2650 perlata
2078 2557 2167 2628 ad
2202 2581 2324 2630 eos
2356 2560 2459 2644 fit,
2496 2557 2675 2633 nihil

715 2671 1058 2772 comperti
1092 2673 1232 2748 est:
1288 2671 1410 2746 nifi
1449 2675 1677 2772 quod,
1741 2673 1921 2749 datis
1942 2676 2091 2770 jam
2124 2665 2515 2764 ob'fidibus‚
2568 2703 2677 2752 re-

714 2817 922 2894 pente
984 2813 1216 2891 portas
1267 2792 1709 2880 clauserunt;
1762 2799 1831 2868 &
1888 2821 1973 2868 ne
2025 2794 2313 2869 suorum
2372 2796 2679 2894 quidem

713 2914 1041 3014 precibus
1101 2912 1406 3010 (miserat
1458 2912 1652 2986 enim
1689 2912 1817 2987 sub
1842 2939 2082 2988 muros
2116 2915 2362 2989 consul
2394 2918 2487 2988 ad
2521 2938 2675 2990 ten·
2712 2981 2720 2988 ,

713 3037 1002 3110 tandam
1047 3031 1595 3110 misericordiam
1612 3023 1617 3030 ’
1628 3054 2001 3130 parentum
2033 3036 2671 3134 populariumque)

713 3155 1025 3233 defistere
1050 3157 1141 3228 ab
1163 3153 1450 3250 incepto
1469 3154 1870 3227 voluerunt.
1956 3154 2381 3253 Obpugnari
2410 3155 2677 3232 deinde

709 3276 1086 3376 postquam
1122 3273 1299 3348 nihil
1333 3271 1563 3372 pacati
1596 3270 2173 3369 respondebatur,
2226 3297 2477 3374 coepta
2506 3280 2678 3351 urbs

711 3397 833 3472 est.
933 3397 1378 3493 Adparatum
1423 3417 1717 3468 omnem
1750 3412 2261 3472 tormentorum
2314 3396 2677 3470 machina-

711 3540 1016 3614 rumque
1051 3511 1518 3588 transvestum
1551 3515 1643 3589 ab
1680 3513 2104 3588 Ambraciae
2138 3517 2673 3614 obpugnatione

712 3637 1056 3710 habebat.
1109 3640 1178 3708 ac
1231 3659 1467 3732 opera,
1514 3658 1699 3731 quae
1751 3631 2075 3709 facienda
2122 3657 2341 3723 erant,
2395 3634 2673 3737 inpigre

711 3753 972 3830 milites
996 3751 1461 3852 perfecerunt.
1564 3755 1873 3830 Duobus
1920 3754 2140 3855 igitur
2185 3755 2361 3830 locis
2396 3755 2671 3832 admoti

709 3874 953 3949 arietes
987 3873 1399 3972 quatiebant
1425 3897 1689 3948 muros·

809 3996 1092 4070 XXIX.
1193 3995 1354 4069 Nec
1399 3997 1490 4068 ab
1537 3993 1841 4069 Samaeis
1894 3938 2321 4093 quidquam,
2359 4021 2511 4092 quo
2548 4016 2671 4071 aut

710 4139 943 4214 opera,
993 4134 1120 4190 aut
1151 4113 1368 4190 hostis
1390 4113 1608 4190 arceri
1654 4117 1898 4213 poffet,
1947 4114 2501 4213 praetermifl‘um
2546 4115 2667 4190 est.
