3100 5359
1023 729 1486 804 Lrean
1589 732 1759 806 XL.
2248 759 2389 834 357

435 900 682 997 Hujus
723 897 821 976 rei
869 899 1154 1000 ignarus
1213 901 1647 991 Demetrius,
1716 913 1766 946 “
1802 902 2005 1004 Qin
2062 904 2388 980 corniffit—

439 1031 490 1070 “
526 1022 757 1108 tum,’'
803 1019 1068 1120 inquit,
1098 1032 1149 1066 “
1183 1024 1276 1097 ad
1309 1021 1587 1098 fratrem
1616 1023 1855 1098 imus?
1906 1028 1973 1098 δι
2004 1023 2179 1102 iram
2208 1025 2385 1122 ejus,

441 1150 493 1196 θ’
531 1142 578 1214 fi
611 1165 756 1239 qua
773 1167 862 1214 ex
895 1141 1274 1216 certamine
1293 1145 1565 1232 refidet,
1598 1142 2035 1244 fimplicitate
2056 1150 2123 1220 δι
2154 1145 2389 1220 hilari·

439 1270 492 1306 “
527 1281 666 1336 tate
699 1261 928 1336 nostra
955 1262 1260 1338 lenimus
1286 1267 1361 1338 ?''
1457 1267 1729 1340 Omnes
1760 1264 1827 1342 se
1862 1265 1961 1340 ire
1993 1267 2389 1341 conclama-

437 1401 628 1468 runt,
694 1403 962 1479 praeter
1015 1409 1158 1473 eos,
1209 1383 1337 1484 qui
1390 1383 1835 1484 speculatoris
1890 1390 1979 1463 ab
2024 1386 2091 1462 se
2135 1385 2387 1484 pulsati

437 1500 866 1600 praesentem
885 1502 1232 1580 ultionem
1251 1507 1686 1581 metuebant.
1786 1511 2037 1609 Qum
2064 1532 2185 1580 eos
2210 1531 2390 1606 quo-

437 1647 582 1720 que
619 1622 1028 1698 Demetrius
1057 1626 1384 1714 traheret,
1417 1624 1682 1702 ferrum
1712 1625 1897 1701 veste
1929 1624 2387 1716 abdiderunt,

436 1767 588 1840 quo
619 1742 684 1818 se
717 1743 956 1832 tutari,
1005 1747 1052 1818 fi
1081 1746 1352 1844 quavis
1385 1745 1607 1834 fieret,
1634 1747 1926 1844 poffent.
1974 1779 1980 1784 ·
2026 1746 2235 1822 Nihil
2266 1773 2389 1824 oc-

435 1860 610 1938 culti
667 1865 802 1938 effe
854 1863 930 1938 in
973 1863 1298 1940 intestina
1339 1864 1688 1941 discordia
1718 1865 1965 1965 potest.
2064 1869 2391 1967 Utraque

435 1983 698 2058 domus
756 1982 1270 2083 speculatorum
1335 1986 1411 2060 &
1460 1985 1909 2083 proditorum
1971 1987 2177 2086 plena
2224 2009 2387 2064 erat.

437 2103 928 2180 Praecucurrit
981 2103 1202 2180 index
1258 2105 1352 2180 ad
1408 2102 1676 2193 Persea,
1746 2104 1927 2180 ferro
1988 2105 2389 2184 subcinctos

435 2224 782 2300 nuncians
825 2249 992 2300 cum
1039 2223 1410 2300 Demetrio
1444 2245 1749 2323 quatuor
1770 2224 2239 2318 adolescentes
2269 2253 2387 2304 ve-

433 2343 608 2420 nire.
709 2347 852 2420 Etfi
886 2347 1114 2420 cauffa
1137 2346 1538 2443 adparebat,
1574 2349 1771 2442 (nam
1801 2347 1892 2420 ab
1920 2345 2005 2420 iis
2036 2345 2391 2445 pulsatum

433 2463 812 2542 convivam
855 2464 1064 2542 suum
1095 2463 1440 2560 audierat)
1499 2487 1763 2554 tamen,
1816 2463 2261 2542 infamandae
2288 2467 2391 2544 rei

435 2587 688 2673 cauffa,
733 2585 1028 2681 januam
1079 2582 1376 2662 obserari
1414 2584 1673 2681 jubete
1722 2585 1801 2659 δι
1840 2612 1931 2660 ex
1964 2609 2155 2686 parte
2188 2587 2389 2687 supe-

430 2705 614 2780 riore
633 2705 948 2792 aedium,
971 2701 1312 2803 verfisque
1341 2702 1418 2781 in
1435 2704 1625 2782 viam
1644 2705 1979 2794 fenestris,
2000 2707 2393 2784 comiffato-

434 2851 570 2914 res»,
607 2847 972 2923 tamquam
1023 2825 1117 2900 ad
1169 2825 1460 2900 caedem
1507 2821 1703 2900 suam
1752 2827 2137 2916 venienteS,
2188 2828 2389 2904 aditu

425 2945 682 3042 januae
724 2963 934 3020 arcet.
1033 2943 1466 3032 Demetrius,
1517 2965 1643 3042 per
1683 2943 1962 3033 vinum,
2012 2947 2214 3044 quod
2270 2973 2391 3023 ex-

433 3066 796 3142 cluderetu
803 3089 862 3152 r,
883 3062 1256 3163 paullisper
1271 3063 1717 3153 vociferatus,
1744 3063 1821 3138 in
1854 3065 2265 3142 convivium
2284 3093 2389 3142 re-

433 3185 569 3272 dit,
619 3184 838 3266 totius
869 3183 970 3263 rei
997 3182 1302 3282 ignarus.

532 3307 730 3380 VIII.
831 3304 1116 3380 Postero
1147 3303 1266 3379 die
1291 3302 1603 3395 Perseus,
1636 3331 1855 3404 quam
1878 3304 2195 3404 primum
2220 3333 2391 3384 con-

433 3421 768 3500 veniendi
833 3424 1132 3521 potestas
1193 3422 1404 3523 patris
1461 3423 1625 3513 fuit,
1694 3424 1961 3525 regiam
2028 3425 2389 3526 ingrefl'us‚

433 3547 845 3644 perturbato
867 3546 1072 3618 vultu
1100 3541 1176 3618 in
1209 3541 1585 3640 conspectu
1620 3545 1836 3643 patris
1869 3545 2119 3622 tacitus
2143 3550 2395 3646 procul

433 3665 767 3744 constitit.
866 3663 1036 3753 Cui,
1087 3689 1256 3740 cum
1314 3686 1534 3763 pater,
1585 3675 1638 3709 “
1672 3667 1889 3742 Satin'
1945 3667 2217 3744 salvae?
2286 3667 2391 3757 ὅτ,

437 3797 490 3830 “
527 3811 877 3886 quaenam
909 3811 992 3860 ea
1017 3782 1366 3862 moestitia
1389 3787 1560 3860 effet
1584 3787 1659 3860 ?''
1708 3785 2162 3888 interrogaret
2192 3814 2391 3876 eum,

436 3915 490 3954 ‘⁶
527 3907 644 3982 De
738 3907 940 3980 lucro
999 3903 1207 3994 tibi,”
1287 3903 1555 4003 inquit,
1634 3916 1684 3950 ‘⁸
1718 3905 1953 3982 vivere
2014 3933 2132 3984 me
2198 3907 2391 3984 scito.

437 4036 492 4071 ‘⁸
527 4027 692 4122 Jam
713 4051 858 4100 non
879 4024 1176 4101 occultis
1199 4051 1242 4099 a
1268 4023 1474 4100 fratre
1499 4023 1811 4123 petimur
1835 4024 2119 4101 insidiis·
2154 4029 2391 4102 Nocte

437 4155 492 4194 ⁸⁸
527 4169 698 4223 cum
741 4144 1024 4224 armatis
1055 4145 1358 4222 domum
1389 4145 1482 4221 ad
1513 4143 2092 4223 interficiendum
2124 4173 2241 4224 me
2270 4173 2391 4224 ve-
