3100 5359
831 731 905 802 L
957 753 987 801 1
1048 753 1089 802 13
1150 753 1193 802 Ε
1252 753 1299 802 R
1402 725 1800 804 XXXVII.
2227 755 2312 830 77

327 927 590 1000 pacem
620 903 817 976 bello
844 901 1294 999 praeferrent,
1349 901 1466 976 sed
1494 902 1707 977 etiam
1744 901 2020 978 Aetolis
2046 903 2318 1001 persua-

322 1023 521 1096 dere.
623 1021 989 1109 Celeriter,
1064 1021 1471 1097 auctoribus
1526 1022 2103 1109 Atheniensibus„
2181 1021 2314 1096 fre-

324 1169 562 1240 quens
582 1145 675 1217 ab
698 1144 997 1240 Hypata
1017 1143 1277 1242 legatio
1299 1144 1724 1217 Aetolorum
1759 1140 1983 1216 venit:
2020 1143 2092 1214 &
2123 1141 2318 1238 spem

322 1262 527 1360 pacis
559 1261 660 1336 eis
694 1260 920 1336 sermo
952 1261 1164 1336 etiarn
1194 1261 1543 1352 Africani,
1581 1289 1799 1362 quem
1836 1261 2140 1359 priorem
2167 1262 2317 1335 adi-

328 1405 573 1470 erunt,
649 1382 880 1471 auxit,
954 1382 1606 1468 commemoranti3‚
1662 1394 1711 1427 “
1749 1385 2008 1458 multas
2075 1403 2320 1482 gentes

330 1515 389 1548 “
427 1500 875 1602 populosque
912 1501 983 1576 in
1020 1501 1373 1600 Hispania
1393 1503 1615 1602 prius,
1651 1503 1912 1578 deinde
1949 1502 2024 1576 in
2046 1501 2319 1590 Africa,

328 1634 389 1667 “
426 1623 505 1697 in
541 1625 763 1696 fidem
800 1621 997 1696 suam
1032 1622 1313 1696 veniffe.
1417 1625 1503 1696 In
1538 1624 1879 1700 omnibus
1939 1622 2006 1698 se
2061 1624 2322 1718 majora

333 1755 389 1788 “
426 1727 1497 1842 clementiaebenignitatisque,
1552 1770 1774 1842 quam
1812 1743 2096 1818 virtutis
2117 1742 2319 1819 belli-

328 1875 389 1908 “
426 1889 579 1950 cae,
637 1885 1109 1938 monumenta
1142 1863 1563 1960 reliquiffe.''
1663 1863 2318 1940 Perfecta'videba-

326 2007 452 2060 tur
480 2010 617 2072 reS,
654 2010 887 2082 quum
925 1983 1165 2058 aditus
1200 1982 1445 2059 consul
1468 1984 1661 2058 idem
1699 1983 1882 2059 illud
1916 1985 2322 2082 responsum

326 2105 606 2193 retulit,
629 2131 783 2203 quo
800 2102 1027 2203 fugati
1056 2107 1147 2179 ab
1169 2102 1405 2178 senatu
1430 2103 1729 2178 fuerant.
1815 2107 1926 2177 Eo
1955 2126 2321 2203 tamquam

330 2255 531 2303 novo
565 2251 800 2325 quum
838 2223 961 2298 iai
999 2225 1239 2300 Aetoli
1278 2227 1518 2312 effent,
1579 2223 1791 2320 (nihil
1827 2222 2022 2298 enim
2053 2251 2185 2300 nec
2221 2227 2319 2299 le-

330 2348 627 2449 gatione
681 2343 1254 2432 Athenienfium‚
1306 2371 1439 2420 nec
1493 2343 1781 2443 placido
1831 2343 2155 2418 Africani
2215 2369 2322 2419 re-

330 2467 591 2567 sponso
626 2465 1027 2565 profectum
1054 2462 1425 2558 videbant)
1482 2462 1732 2538 referre
1774 2465 1866 2539 ad
1918 2463 2076 2538 suos
2121 2463 2322 2538 dixe-

330 2609 503 2664 runt
528 2588 736 2661 velle.

436 2710 607 2782 VII.
710 2704 1065 2781 Reditum
1116 2703 1284 2779 inde
1337 2707 1712 2804 Hypatam
1745 2705 1872 2794 est,
1927 2731 2058 2781 nec
2104 2709 2322 2780 confi-

338 2832 523 2907 lium
570 2825 1108 2926 expediebatur.
1210 2819 1405 2899 Nam
1442 2851 1703 2924 neque,
1755 2827 1953 2900 unde
1997 2825 2190 2900 mille
2226 2845 2323 2899 ta-

338 2955 619 3027 lentum
654 2949 963 3034 daretur,
1015 2966 1204 3032 erat;
1258 2949 1355 3033 ὅτ,
1393 2945 1722 3044 permisso
1755 2945 1978 3020 libero
2005 2943 2321 3033 arbitrie,

343 3101 429 3148 ne
456 3073 533 3146 in
564 3093 863 3167 corpora
904 3065 1024 3140 sua
1062 3064 1461 3154 saeviretur,
1516 3069 1952 3141 metuebant.
2054 3065 2324 3140 Redire

338 3193 587 3289 itaque
633 3186 917 3263 eosdem
954 3187 1219 3284 legatos
1249 3188 1341 3260 ad
1376 3185 1738 3260 consulem
1785 3189 1854 3260 ὅτ
1899 3183 2325 3260 Africanum

327 3315 710 3411 jufferunt,
764 3311 833 3380 ὅτ
880 3327 1143 3403 petere,
1196 3327 1303 3394 ut,
1356 3309 1401 3380 fi
1449 3307 1614 3380 dare
1646 3331 1807 3380 vere
1851 3329 2126 3404 pacem,
2180 3331 2327 3379 non

342 3453 627 3508 tantum
694 3427 1087 3514 ostendere,
1158 3425 1563 3500 frustrantes
1621 3425 1816 3524 spem
1883 3425 2325 3514 miserorum,

341 3555 635 3638 vellent,
708 3569 831 3624 aut
884 3573 973 3622 ex
1033 3546 1309 3620 summa
1357 3546 1701 3645 pecuniae
1761 3548 2152 3633 demerent,
2203 3567 2328 3620 aut

345 3671 873 3772 permistionem
908 3689 1105 3742 extra
1136 3665 1407 3742 civium
1443 3693 1738 3765 corpora
1787 3664 1936 3740 fieri
1968 3666 2324 3763 juberent.

348 3793 561 3868 Nihil
596 3791 1087 3887 impetratum,
1138 3809 1224 3861 ut
1256 3809 1560 3862 mutaret
1593 3787 1878 3861 consul:
1933 3791 2002 3861 &
2033 3813 2116 3860 ea
2148 3812 2328 3885 quo-

352 3941 491 4014 que
522 3910 718 3987 irrita
749 3909 1011 4009 legatio
1034 3907 1314 3983 dimissa
1344 3907 1464 3980 est.
1565 3907 1804 3982 Secuti
1833 3912 1900 3981 ὅτ
1933 3907 2329 3984 Athenien-

354 4036 450 4110 ses
476 4034 683 4110 sunt:
720 4029 795 4103 δι
829 4030 1153 4129 princeps
1187 4026 1559 4127 legationis
1588 4053 1836 4101 eorum
1875 4028 2332 4104 Echedemus

358 4154 679 4255 fatigatos
714 4173 822 4227 tot
852 4151 1139 4250 repulfis
1175 4151 1497 4238 AetOIOS,
1546 4146 1620 4221 ἃ
1669 4149 2184 4246 complorantes
2225 4148 2329 4223 in·
