3100 5359
842 717 917 792 L
969 743 998 792 1
1057 743 1098 793 Β
1157 657 1306 794 aa
1407 720 1836 795 XXXVIII.
2178 742 2304 814 191

353 905 410 938 “
445 892 730 995 gyptios
773 893 1311 992 degenerarunt.
1437 895 1767 983 Maffilia,
1834 894 2017 970 inter
2076 895 2320 970 Gallos

351 1026 408 1059 “
443 1019 588 1103 fita,
649 1013 860 1088 traxit
908 1014 1354 1114 aliquantum
1417 1017 1506 1091 ab
1568 1014 1834 1090 adcolis
1892 1014 2320 1090 animorum.

350 1147 404 1181 “
443 1134 849 1210 Tarentinis
897 1136 1080 1233 quid
1108 1162 1199 1210 ex
1229 1139 1583 1236 Spartana,
1639 1138 1817 1210 dura
1874 1134 1993 1209 illa
2043 1140 2111 1210 &
2158 1137 2319 1212 hor-

349 1267 404 1300 “
442 1255 620 1344 rida,
712 1254 1084 1354 disciplina
1155 1258 1454 1330 manfit?
1584 1259 2000 1330 Generofius
2060 1257 2137 1330 in
2204 1255 2325 1330 sua

355 1387 410 1420 “
449 1374 816 1474 quidquid
850 1374 1010 1451 sede
1044 1375 1411 1476 gignitum
1463 1374 1752 1451 insitum
1782 1375 2044 1451 alienae
2078 1397 2320 1465 terrae,

351 1506 404 1540 “
438 1494 641 1584 inid,
697 1523 845 1595 quo
873 1495 1107 1586 alitur,
1160 1518 1406 1571 natura
1428 1518 1741 1572 vertente
1777 1496 1870 1586 se,
1924 1499 2321 1596 degenerat.

349 1625 408 1659 “
444 1619 755 1717 Phrygas
801 1615 1023 1715 igitur
1075 1616 1369 1692 Gallicis
1402 1639 1724 1693 oneratos
1751 1616 1987 1706 armi3‚
2039 1621 2212 1694 ficut
2245 1617 2322 1692 in

355 1747 412 1780 “
447 1736 597 1810 acie
624 1736 968 1812 Antiochi
997 1736 1372 1825 cecidistis,
1423 1737 1647 1813 victos
1673 1739 1971 1814 victores
1997 1738 2325 1816 caedetis.

354 1865 412 1899 “
448 1856 694 1956 Magis
729 1857 806 1931 id
837 1883 1102 1947 vereor,
1163 1884 1254 1932 ne
1288 1884 1538 1956 parum
1567 1857 1734 1934 inde
1768 1858 2055 1958 gloriae,
2103 1884 2325 1958 quam

357 1985 413 2021 “
451 2002 542 2050 ne
569 1975 878 2050 nimium
916 1976 1084 2052 belli
1119 1981 1221 2052 fit.
1289 1980 1574 2052 Attalus
1602 2005 1720 2054 eos
1752 2005 1875 2054 rex
1910 1977 2109 2078 saepe
2134 1978 2328 2055 fudit

355 2105 412 2140 “
447 2094 890 2196 fugavitque.
990 2096 1236 2172 Nolite
1269 2096 1691 2186 existimare,
1746 2101 2010 2174 belluas
2044 2119 2321 2176 tantum

357 2226 413 2261 “
449 2243 690 2292 recens
748 2237 982 2314 captas
1025 2216 1374 2292 feritatem
1433 2218 1629 2292 illam
1678 2219 2047 2294 filvestrem
2091 2218 2326 2317 primo

357 2345 414 2379 “
448 2334 738 2425 servare,
807 2336 1094 2427 deinde,
1150 2363 1384 2436 quum
1443 2337 1571 2413 diu
1624 2337 1953 2414 manibus
1996 2339 2329 2414 humanis

357 2465 412 2500 “
449 2458 750 2545 ala‘ntur,
797 2456 1154 2532 mitescere
1179 2490 1202 2545 3
1255 2457 1330 2531 in
1384 2456 1767 2532 hominum
1821 2458 2090 2537 feritate
2140 2462 2327 2535 mul-

360 2586 415 2621 “
451 2579 679 2652 cenda
729 2603 876 2652 non
929 2579 1255 2652 eamdem
1301 2599 1621 2653 naturam
1667 2580 1823 2653 effe.
1926 2578 2327 2656 Eosdemne

365 2708 421 2741 “
457 2699 586 2772 hos
645 2697 930 2772 creditis
959 2701 1122 2786 effe,
1177 2697 1305 2794 qui
1339 2719 1568 2797 patres
1601 2723 1848 2774 eorum
1878 2700 2137 2798 avique
2170 2687 2334 2776 fue:

359 2829 416 2862 ‘⁶
452 2821 670 2893 runt?
722 2841 1030 2894 extorres
1087 2817 1330 2916 inopia
1386 2844 1717 2918 agrorum
1763 2818 2060 2918 profecti
2106 2821 2329 2898 domo

361 2948 416 2984 ‘⁴
454 2964 579 3037 per
629 2938 1079 3038 asperrimam
1127 2937 1386 3037 Illyrici
1422 2965 1667 3027 oram3
1722 2940 2105 3017 Paeoniam
2160 2941 2328 3019 inde

357 3069 414 3104 “
445 3059 522 3132 ὅτ,
560 3058 969 3146 Thraciam,
1021 3061 1410 3159 pugnando
1445 3085 1617 3136 cum
1666 3058 2098 3137 ferociffimis
2152 3089 2325 3163 gen·-

363 3189 418 3224 “
455 3179 672 3268 tibus,
735 3185 1024 3287 emensi,
1073 3183 1195 3256 has
1255 3201 1464 3257 terras
1521 3201 1884 3281 ceperunt.
2018 3185 2330 3260 Duratos

365 3309 418 3344 ‘⁴
459 3326 576 3374 eos
607 3321 716 3375 tot
743 3287 946 3375 malis
979 3299 1550 3400 exasperatosque
1582 3301 1857 3401 accepit
1891 3322 2093 3392 terra,
2148 3329 2331 3404 quae

363 3429 420 3465 “
458 3421 664 3518 copia
739 3447 974 3496 rerum
1041 3421 1373 3495 omnium
1457 3420 1818 3522 saginaret.
1938 3424 2329 3500 Uberrimo

365 3549 420 3584 “
457 3565 652 3639 agre,
707 3539 1068 3616 mitiffimo
1125 3543 1352 3632 coelo,
1415 3542 1885 3620 clementibus
1922 3545 2331 3620 adcolarum

365 3671 422 3706 “
459 3660 790 3760 ingeniiS,
849 3661 1083 3737 omnis
1135 3661 1277 3752 illa,
1332 3689 1502 3738 curn
1541 3687 1686 3759 qua
1723 3683 2083 3753 venerant,
2132 3671 2333 3741 man'-

368 3790 423 3825 “
461 3778 763 3856 suefacta
794 3779 894 3856 est
923 3780 1175 3857 feritas·
1277 3782 1527 3870 Vobis»,
1582 3785 2013 3871 mehercule,
2071 3786 2331 3863 Martis

365 3911 422 3946 ‘⁶
456 3899 650 3990 viris,
695 3903 1012 3977 cavenda
1039 3928 1122 3976 ac
1155 3899 1498 4002 fugienda
1529 3904 2067 4004 quamprimum
2094 3933 2331 3984 amoe-

366 4029 421 4064 “
457 4019 636 4096 nitas
668 4021 770 4097 est
794 4023 1017 4097 Afiae.
1116 4023 1440 4097 Tantum
1473 4024 1603 4098 hae
1636 4024 2043 4125 peregrinae
2074 4028 2329 4124 volup·

367 4151 426 4186 “
457 4161 630 4218 tates
708 4143 802 4218 ad
868 4140 1472 4243 exstinguendum
1533 4142 1858 4244 vigorem
1922 4144 2327 4222 animorum
