3100 5359
789 713 922 762 102
1451 687 2077 760 T.L1v11

784 861 1087 960 philidas
1130 860 1404 935 mediae
1449 863 1631 934 elafii
1676 881 2007 960 praeerat.
2110 857 2508 943 Eudamus,
2560 855 2751 954 post-

787 1006 1006 1078 quam
1063 979 1372 1054 hostium
1427 980 1653 1054 aciem
1707 979 2111 1054 instructam
2168 979 2244 1050 ὅτ.
2293 997 2603 1073 paratam
2654 976 2753 1049 ad

786 1099 1356 1176 concurrendum
1408 1098 1616 1186 vidit,
1684 1103 1753 1172 &
1808 1097 1950 1196 ipse
1996 1097 2069 1172 in
2118 1098 2344 1171 altum
2396 1095 2749 1182 evehitur,

789 1222 854 1292 &
893 1218 1251 1315 deincepS,
1289 1243 1468 1316 quae
1507 1217 1998 1315 sequebantur,
2046 1215 2749 1291 servantes-ordinem

787 1337 862 1412 in
915 1335 1220 1410 frontem
1274 1337 1575 1435 dirigere
1614 1337 1840 1432 jubet.
1944 1339 2052 1410 Ea
2076 1361 2179 1410 res
2211 1335 2445 1433 primo
2478 1336 2749 1409 tumul-

795 1479 952 1530 turn
972 1456 1322 1553 praebuit.
1373 1461 1570 1530 Nam
1606 1483 1737 1531 nec
1766 1459 1853 1530 fic
1890 1457 1963 1529 in
1998 1458 2223 1531 altum
2256 1457 2541 1530 eveQus
2562 1475 2733 1542 erat,

789 1598 872 1651 ut
903 1578 1080 1649 ordo
1124 1576 1452 1650 omnium
1489 1575 1779 1650 navium
1831 1577 1921 1650 ad
1953 1597 2201 1649 terram
2226 1573 2556 1672 explicari
2590 1573 2746 1673 pos-

785 1695 918 1770 set:
953 1695 1026 1767 &
1061 1695 1387 1770 festinans
1423 1696 1563 1794 ipse
1593 1721 2046 1795 praepropere
2079 1721 2248 1770 cum
2281 1694 2607 1792 quinque
2638 1692 2745 1767 so-

785 1815 872 1890 lis
917 1814 1216 1890 navibus
1267 1814 1665 1890 Hannibali
1703 1815 2037 1889 obcurrit.
2138 1814 2398 1902 Ceteri,
2453 1811 2625 1910 quia
2668 1811 2749 1886 in

783 1933 1090 2009 frontem
1158 1933 1456 2033 dirigere
1514 1936 1679 2030 jusfi
1740 1954 1962 2021 erant,
2046 1959 2193 2006 non
2258 1932 2745 2031 sequebantur.

788 2055 1132 2127 Extremo
1185 2051 1456 2151 agmini
1511 2052 1653 2127 loci
1704 2051 1881 2125 nihil
1916 2056 2006 2127 ad
2038 2075 2289 2128 terram
2314 2051 2537 2125 relicti
2564 2073 2707 2124 erat
2718 2085 2743 2138 3

785 2171 1440 2271 trepidantibusque
1474 2171 1560 2246 iis
1594 2170 1775 2246 inter
1807 2172 1900 2261 se,
1940 2173 2089 2270 jam
2127 2173 2201 2246 in
2238 2173 2485 2246 dextro
2520 2197 2741 2246 cornu

781 2291 1103 2367 adversus
1137 2291 1623 2372 Hannibalem
1656 2295 2129 2390 pugnabatur.

882 2411 1162 2487 XXIV.
1261 2412 1399 2484 Sed
1487 2431 1857 2484 momento
1922 2411 2259 2508 temporis
2306 2412 2383 2483 &
2455 2411 2745 2486 navium

783 2529 1030 2616 virtus,
1103 2534 1174 2603 δι·
1249 2528 1414 2603 usus
1477 2529 1575 2602 rei
1631 2529 2019 2604 maritimae
2074 2553 2401 2606 terrorem
2453 2557 2745 2606 omnem

783 2647 1096 2724 Rhodiis
1129 2650 1398 2723 demfit.
1501 2652 1694 2722 Nam
1736 2653 1802 2722 &
1840 2648 1915 2722 in
1948 2651 2170 2724 altum
2198 2650 2510 2726 celeriter
2542 2676 2743 2724 evec-

784 2787 892 2842 tae
923 2793 1132 2842 naves
1166 2769 1404 2842 locum
1448 2767 1607 2864 post
1637 2767 1703 2842 se
1750 2794 2075 2866 quaeque
2126 2769 2435 2844 venienti
2487 2772 2577 2844 ad
2610 2789 2743 2843 ter-

783 2913 932 2960 ram
965 2887 1260 2974 dedere3
1299 2893 1394 2976 &,
1441 2891 1486 2961 fi
1514 2913 1658 2984 qua
1677 2910 2118 2964 concurrerat
2142 2889 2360 2966 rostro
2388 2914 2555 2964 cum
2587 2887 2745 2962 hos-

783 3007 968 3082 tium
1003 3007 1193 3095 navi,
1243 3028 1366 3081 aut
1397 3032 1673 3105 proram
1698 3010 2066 3097 lacerabat,
2102 3031 2224 3083 aut
2256 3035 2485 3084 remos
2516 3010 2745 3082 deter-

787 3131 1022 3226 gebat,
1073 3147 1219 3216 aut,
1272 3128 1494 3201 libero
1529 3126 1710 3204 inter
1758 3126 2041 3203 ordines
2086 3128 2398 3218 discursu
2447 3148 2745 3226 praeter-

783 3249 1008 3334 vecta,
1055 3246 1130 3322 in
1165 3245 1466 3345 puppim
1499 3246 1823 3343 inpetum
1861 3248 2094 3322 dabat.
2152 3249 2485 3323 Maxime
2518 3267 2747 3323 exter-

785 3365 928 3440 ruit
958 3365 1259 3464 hepteris
1303 3365 1519 3464 regia‚
1570 3393 1613 3440 a
1654 3369 1885 3440 multo
1918 3365 2191 3442 minore
2226 3367 2519 3442 Rhodia
2570 3393 2747 3442 nave

781 3511 934 3559 uno
963 3485 1104 3560 ictu
1137 3484 1469 3559 demersa.
1568 3489 1815 3584 Itaque
1835 3487 1987 3582 jam
2020 3489 2217 3562 haud
2250 3486 2471 3562 dubie
2503 3489 2751 3562 dexte-

785 3629 946 3678 rum
993 3630 1210 3708 cornu
1238 3604 1550 3678 hostium
1585 3605 1659 3678 in
1708 3605 1957 3705 fugam
1995 3605 2403 3681 inclinabat.
2506 3609 2749 3681 Euda-

785 3749 986 3798 mum
1019 3723 1096 3798 in
1139 3724 1307 3811 alte,
1359 3724 1823 3800 multitudine
1858 3724 2149 3800 navium
2196 3725 2505 3806 maxime
2537 3729 2747 3801 Han-

784 3842 1004 3929 nibal,
1053 3843 1297 3917 ceteris
1339 3843 1675 3918 omnibus
1706 3847 1917 3943 longe
1947 3843 2435 3942 praestantem,
2486 3871 2748 3945 urgue-

780 3966 934 4043 bat:
989 3967 1057 4036 ὅτ
1092 3962 1678 4051 circumveniffet,
1732 3963 1833 4050 ni,
1888 3967 2081 4063 figno
2115 3964 2515 4042 sublato'ex
2549 3991 2747 4065 prae-

781 4079 962 4158 toria
1004 4107 1206 4171 nave,
1265 4087 1448 4181 (quo
1493 4082 1868 4181 dispersam
1904 4085 2181 4162 claffem
2212 4085 2289 4160 in
2322 4111 2556 4162 unum
2598 4087 2747 4161 col-
