3100 5359
788 717 884 785 4²
1511 692 2151 767 T.L1v11

795 865 1170 943 Graeciam
1201 865 1585 963 trajiceret=
1638 865 1927 955 deinde,
1980 870 2025 941 fi
2060 893 2205 966 qua
2234 864 2471 966 ipsum
2498 888 2765 945 teneret

791 1013 926 1076 res,
971 1008 1054 1061 ut
1085 985 1466 1085 pecuniam
1493 986 1571 1060 δε
1596 986 1865 1061 auxilia
1892 987 2222 1063 mitteret.
2322 998 2373 1031 “
2413 990 2501 1063 Id
2533 1014 2767 1088 quum

793 1117 846 1151 “
881 1109 975 1182 ad
1008 1104 1430 1207 dignitatem
1457 1108 1605 1203 ejus
1628 1108 1993 1207 fidemque
2028 1108 2401 1206 pertinere,
2434 1134 2579 1183 non
2598 1136 2763 1208 pro-

790 1238 843 1273 ‘⁴
880 1226 957 1302 di
1019 1225 1267 1315 socios,
1318 1248 1477 1301 tum
1528 1226 1744 1301 etiam
1777 1228 1870 1302 ad
1928 1226 2495 1305 incolumitatem
2528 1230 2759 1331 regni,

789 1357 842 1393 ‘⁶
879 1373 1026 1422 non
1056 1344 1301 1434 finere,
1331 1348 1727 1436 Romanos,
1792 1347 1991 1422 omni
2018 1374 2187 1423 cura
2208 1373 2498 1440 vacuos,
2528 1376 2761 1450 quum

789 1478 842 1512 “
879 1468 1306 1543 Aetolorum
1331 1487 1621 1565 gentem
1650 1465 2097 1557 sustulissent,
2160 1470 2498 1545 omnibus
2532 1470 2761 1570 copiis

792 1598 844 1633 “
882 1585 958 1664 in
993 1590 1234 1661 Aliam
1262 1585 1643 1683 trajicere.'’
1727 1589 1910 1660 Vera
1942 1608 2161 1677 erant,
2212 1614 2393 1687 quae
2427 1589 2763 1665 diceban-

786 1728 933 1783 tur:
995 1732 1082 1783 eo
1125 1704 1350 1807 magis
1384 1731 1624 1807 regem
1660 1728 2069 1782 moverunt.
2170 1711 2420 1807 Itaque
2456 1707 2531 1784 in
2560 1737 2757 1809 prae-

785 1825 1005 1903 sentia
1039 1826 1476 1925 pecuniam,
1545 1850 1728 1925 quae
1786 1828 1879 1901 ad
1939 1826 2105 1903 usus
2171 1828 2341 1903 belli
2392 1828 2763 1905 necessaria

793 1967 964 2035 erat,
999 1945 1244 2047 legatis
1277 1946 1510 2021 dedit:
1545 1944 1811 2019 auxilia
1837 1946 2171 2023 terrestria
2202 1948 2616 2047 navaliaque
2639 1951 2765 2025 ad-

781 2066 1088 2143 firmavit
1137 2066 1532 2142 missurum.
1632 2067 2043 2141 Thoantem
2090 2093 2323 2143 unum
2368 2094 2457 2144 ex
2508 2069 2756 2170 legatis

779 2186 1098 2275 retinuit,
1151 2186 1228 2261 δε
1284 2185 1517 2286 ipsum
1547 2186 1745 2263 haud
1808 2184 2119 2262 invitum
2178 2209 2602 2279 morantem,
2672 2212 2757 2266 ut

781 2309 1064 2389 exustor
1094 2306 1410 2404 praesens
1441 2308 1943 2405 promissorum
1974 2306 2259 2385 adesset.

877 2429 1192 2503 XXVII.
1291 2428 1631 2509 Ceterum
1680 2430 2033 2511 Heraclea
2086 2449 2287 2527 capta
2328 2427 2539 2528 fregit
2598 2450 2751 2505 tan-

781 2550 950 2624 dem
1010 2547 1284 2621 animos
1343 2550 1805 2623 Aetolorumt
1892 2552 1962 2622 ὅτ
2030 2548 2188 2646 post
2251 2574 2517 2647 paucos
2570 2549 2752 2641 dies,

779 2694 999 2767 quam
1033 2669 1124 2743 ad
1161 2667 1428 2741 bellum
1486 2669 1976 2743 renovandum
2008 2666 2589 2770 adciendumque
2642 2698 2751 2746 re-

776 2812 944 2887 gem
963 2786 1042 2861 in
1076 2788 1314 2862 Afiam
1343 2785 1672 2863 miserant
1703 2790 1996 2887 legatOS,
2048 2788 2338 2885 abjectis
2374 2788 2542 2863 belli
2574 2814 2747 2864 con-

775 2906 962 2997 filiis,
1013 2906 1207 3007 pacis
1237 2908 1583 3005 petendae
1650 2930 1951 2985 oratores
2010 2909 2102 2983 ad
2136 2908 2501 2984 consulem
2540 2908 2749 2985 mise-

775 3048 964 3105 runt.
1041 3032 1249 3128 Qos
1275 3025 1509 3103 dicere
1533 3027 1813 3103 exorsos
1838 3026 2083 3103 consul
2103 3026 2490 3117 interfatus,
2513 3054 2749 3128 quum

773 3147 910 3224 alia
939 3146 1063 3223 fibi
1099 3149 1596 3245 praevertenda
1618 3150 1753 3223 effe
1778 3146 2086 3236 dixisset,
2118 3147 2345 3223 redire
2368 3150 2749 3247 Hypatam

773 3294 919 3357 eoS,
969 3266 1152 3343 datis
1183 3266 1466 3343 dierum
1497 3270 1749 3345 decem
1803 3267 2139 3357 induciis,
2209 3273 2278 3343 &
2345 3270 2441 3343 L.
2465 3268 2746 3343 Valerio

774 3388 1033 3464 Flacco
1059 3414 1229 3463 cum
1254 3386 1339 3463 iis
1375 3386 1604 3477 misso,
1642 3388 1857 3485 juflit.
1958 3387 2078 3478 Ei,
2139 3413 2323 3487 quae
2358 3388 2599 3464 secum
2628 3414 2745 3465 ac-

769 3507 913 3583 turi
937 3506 1246 3598 fuifl‘ent,
1271 3534 1652 3607 exponere,
1690 3510 1767 3581 δε
1800 3512 1847 3584 fi
1874 3534 2020 3609 qua
2044 3509 2306 3583 vellent
2333 3508 2489 3583 alia.
2572 3510 2743 3607 Hy-

767 3649 1004 3728 patam
1038 3650 1121 3705 ut
1151 3629 1251 3705 est
1281 3649 1607 3718 ventum,
1656 3627 2011 3727 principes
2070 3630 2496 3704 Aetolorum
2544 3629 2741 3728 apud

771 3751 1114 3828 Flaccum
1200 3748 1593 3825 concilium
1692 3750 2132 3836 habuerunt3
2243 3747 2739 3841 consultantes,

769 3895 1086 3968 quonam
1143 3870 1503 3969 agendum
1570 3869 1793 3943 modo
1852 3869 2046 3965 apud
2106 3868 2472 3943 consulem
2531 3868 2733 3947 foret.

765 3988 912 4077 His
944 3989 1352 4088 parantibus
1409 3986 1702 4086 antiqua
1734 3986 2107 4063 foederum
2137 3988 2387 4077 ordiri,
2438 3988 2731 4067 merita-

761 4135 906 4209 que
965 4108 1040 4185 in
1101 4110 1506 4209 populum*
1546 4111 1993 4201 Romanum,
2078 4118 2129 4155 “
2168 4108 2518 4185 Abfistere
2572 4108 2734 4199 iis,'’
