3100 5359
906 737 983 809 L
1033 759 1064 810 ι
1120 757 1163 810 a
1219 759 1265 810 r.
1320 757 1369 810 a
1470 735 1825 813 XXXVI.
2239 761 2330 840 37

362 911 655 989 dicibus
688 913 907 986 Oetae
926 908 1227 988 montis:
1263 907 1411 1012 ipsa
1434 913 1510 988 in
1545 939 1827 1013 camp0,
1861 937 2097 988 arcem
2116 907 2331 988 inmi-

360 1053 651 1108 nentem
718 1033 879 1107 loco
942 1035 1085 1106 alto
1153 1037 1223 1107 &
1288 1033 1616 1133 undique
1665 1032 2033 1132 praecipiti
2093 1036 2329 1109 habet.

356 1155 901 1251 Contemplatus
932 1152 1201 1242 omnia,
1256 1178 1439 1252 quae
1483 1153 1834 1228 noscenda
1883 1175 2103 1243 erant,
2159 1179 2331 1252 qua-

358 1296 525 1350 tuor
545 1275 749 1348 fimul
782 1272 957 1349 locis
990 1267 1286 1373 adgredi
1315 1276 1569 1349 urbem
1603 1271 1990 1348 constituit.
2092 1278 2161 1347 A
2195 1276 2331 1348 flu-

358 1393 555 1468 mine
592 1391 863 1491 Asopo,
912 1395 1151 1492 qua&
1180 1395 1625 1493 gymnafium
1653 1393 1778 1482 est,
1831 1395 1925 1467 L.
1963 1393 2329 1468 Valerium

355 1513 702 1612 operibus
748 1533 961 1612 atque
1020 1513 1544 1614 obpugnationi
1596 1513 2027 1613 praeposuit:
2093 1536 2331 1588 arcem

359 1655 559 1708 extra
590 1653 859 1722 muros,
914 1659 1098 1733 quae
1132 1632 1576 1731 frequentius
1608 1659 1852 1732 prope,
1889 1659 2108 1734 quam
2133 1635 2331 1722 urbs,

360 1751 837 1842 habitabatur,
871 1754 997 1828 Ti.
1031 1754 1451 1853 Sempronio
1482 1755 1747 1854 Longo
1769 1755 2331 1853 obpugnandam

356 1872 599 1948 dedit:
651 1899 696 1946 a
727 1875 877 1948 finu
914 1872 1259 1962 Maliac0,
1297 1895 1481 1971 quae
1514 1873 1793 1950 aditum
1819 1877 2014 1948 haud
2048 1873 2330 1949 facilem

358 2018 517 2092 pars
562 1994 897 2080 habebat,
950 1995 1070 2067 M.
1104 1992 1491 2082 Baebium:
1544 1998 1636 2070 ab
1689 1998 1904 2068 altero
1949 1991 2336 2082 amniculo,

355 2137 585 2213 quem
614 2113 911 2187 Melana
940 2133 1223 2202 vocant,
1276 2112 1604 2188 adversus
1637 2113 1905 2188 Dianae
1940 2115 2323 2212 templum,

360 2241 508 2333 Ap.
556 2231 949 2308 Claudium
1012 2231 1363 2330 obposuit.
1465 2235 1760 2308 Horum
1809 2257 2071 2333 magno
2115 2253 2331 2309 certa-

360 2354 555 2428 mine
582 2352 769 2426 intra
797 2375 1061 2452 paucos
1091 2351 1243 2426 dies
1276 2372 1524 2441 turreS,
1585 2353 1994 2452 arietesque,
2047 2358 2115 2428 ὅτ
2148 2352 2331 2430 alius

358 2473 601 2550 omnis
640 2474 1008 2572 adparatus
1041 2474 1684 2572 obpugnandamm
1723 2472 2018 2550 urbium
2057 2473 2332 2573 perfici·

362 2616 498 2670 tur.
602 2595 701 2666 Et
734 2613 965 2690 quum
992 2615 1157 2690 ager
1189 2595 1696 2682 Heracleenfis,
1747 2593 2050 2692 paluster
2099 2593 2332 2670 omnis

358 2711 835 2814 frequensque
867 2710 1174 2809 proceris
1207 2713 1604 2802 arboribuS,
1651 2712 1960 2812 benigne
1991 2713 2083 2788 ad
2115 2737 2330 2788 omne

360 2853 591 2935 genus
625 2853 925 2932 operum
952 2831 1316 2906 materiam
1346 2831 1874 2930 suppeditabat:
1917 2853 2102 2923 tum,
2159 2832 2334 2933 quia

356 2951 763 3054 refugerant
812 2951 996 3028 intra
1036 2952 1321 3028 moenia
1353 2953 1625 3042 Aetoli,
1673 2953 1964 3042 deserta,
2013 2979 2198 3052 quae
2251 2953 2329 3028 in

362 3075 719 3151 vestibulo
752 3073 953 3148 urbis
987 3091 1206 3162 erant,
1241 3075 1425 3148 teeta
1452 3073 1529 3148 in
1562 3073 1788 3150 varios
1820 3073 1987 3149 usus
2015 3099 2161 3148 non
2195 3072 2332 3174 tig-

356 3195 695 3270 namodo
726 3199 795 3269 δι·
830 3195 1128 3282 tabulae,
1183 3192 1304 3268 sed
1334 3195 1621 3269 laterem
1674 3217 1994 3294 quoque,
2067 3197 2136 3268 δε
2171 3215 2326 3269 cae·

356 3335 626 3404 menta,
663 3321 733 3391 &·
767 3314 926 3391 saxa
952 3315 1178 3390 variae
1205 3307 1757 3415 magnitudinis,
1793 3316 2248 3412 praebebant.

458 3437 748 3512 XXIII.
852 3439 948 3510 Et
982 3434 1297 3510 Romani
1331 3434 1634 3533 quidem
1684 3434 2020 3534 operibus
2077 3432 2331 3536 magis,

358 3583 587 3659 quam
620 3555 860 3645 armis,
895 3558 1151 3630 urbem
1183 3557 1732 3654 obpugnabant:
1791 3554 2034 3630 Aetoli
2093 3575 2336 3631 contra

356 3677 575 3754 annis
606 3677 676 3752 se
702 3680 1107 3752 tuebantur.
1207 3677 1429 3763 Natn,
1465 3698 1695 3775 quum
1723 3675 1933 3750 ariete
1967 3697 2336 3774 quateren-

357 3819 477 3875 tur
496 3797 715 3886 muri,
752 3822 898 3870 non
931 3793 1229 3894 laqueis„
1290 3815 1375 3869 ut
1406 3794 1604 3882 solet,
1657 3817 1991 3894 exceptos
2026 3797 2336 3874 declina·

360 3923 539 3996 bant
582 3915 808 4005 istu-53
860 3913 977 3990 sed
1008 3913 1257 3989 armati
1290 3913 1719 4015 frequenteS,
1773 3915 2075 4015 quidam
2136 3918 2336 4017 ignes

356 4039 608 4127 etiam,
644 4061 827 4138 quos
859 4034 1241 4136 aggeribus
1270 4035 1666 4132 injicerent,
1721 4035 2060 4111 ferebant.
2163 4041 2336 4112 For-

364 4159 567 4236 nices
600 4183 897 4260 quoque
923 4156 1001 4232 in
1024 4181 1235 4234 muro
1264 4175 1457 4231 erant
1476 4155 1623 4256 apti
1652 4157 1741 4231 ad
1771 4159 2330 4233 excurrentium:
