3100 5359
876 739 1333 812 Lrnnn
1437 737 1792 812 XXXVI.
2267 765 2310 835 9

326 911 697 1009 populum
744 911 1192 996 Romanum,
1244 913 1289 984 si
1325 910 1636 1008 pretium
1671 909 2094 1010 acciperent.
2196 911 2310 985 De

328 1033 545 1107 claffe
604 1028 1298 1128 Karthaginienfibus
1346 1031 1753 1118 remiffum5
1826 1051 2312 1130 praeterquam

328 1157 387 1227 fi
422 1150 611 1251 quid
646 1151 937 1225 navium
968 1176 1059 1224 ex
1091 1149 1370 1224 foedere
1396 1153 1758 1226 deberent.
1863 1153 1976 1226 De
2012 1151 2316 1248 pecunia

332 1273 519 1348 item
550 1270 982 1370 responsum,
1020 1271 1287 1344 nullam
1316 1293 1477 1346 ante
1502 1273 1700 1346 diem
1728 1291 2163 1368 accepturo&

444 1397 536 1467 V.
636 1397 891 1493 Qum
944 1393 1117 1465 haec
1164 1394 1444 1466 Rornae
1498 1396 1910 1490 agebantur,
1975 1391 2317 1468 Chalcide

334 1513 781 1600 Antiochus,
838 1537 927 1586 ne
980 1514 1261 1586 ceffaret
1314 1537 1441 1609 per
1492 1513 1954 1588 hibernorum
2005 1535 2312 1612 tempuS,

334 1635 605 1735 partim
640 1629 785 1730 ipse
816 1631 1229 1708 sollicitabat
1280 1632 1679 1708 civitatium
1713 1633 1990 1708 animos
2028 1634 2316 1709 mitten-

340 1754 457 1830 dis
493 1753 765 1854 legatiS,
819 1753 1069 1851 partim
1110 1757 1301 1828 ultro
1335 1756 1423 1828 ad
1452 1780 1620 1828 eum
1671 1754 2092 1830 veniebant:
2145 1759 2319 1832 ficut

342 1875 689 1972 Epirotae
725 1873 1093 1950 communi
1130 1873 1361 1973 gentis
1394 1874 1761 1963 consensu,
1811 1881 1882 1950 &
1919 1877 2076 1950 Elei
2112 1905 2151 1951 e
2185 1879 2319 1952 Pe-

338 1993 737 2093 loponneso
773 2015 1141 2069 venerunt.
1246 1995 1401 2069 Elei
1446 1995 1798 2070 auxilium
1841 1995 2166 2072 adversus
2213 2003 2320 2072 A·

338 2119 601 2191 chaeos
654 2117 1013 2213 petebant,
1064 2141 1271 2214 quor„
1324 2116 1480 2213 post
1530 2117 1801 2191 bellurn
1855 2145 2000 2192 non
2057 2143 2146 2191 ex
2199 2117 2321 2194 sua

342 2235 689 2313 sententia
716 2233 1069 2310 indictum
1093 2233 1485 2322 Antioche,
1522 2235 1837 2334 primum
1859 2237 2128 2312 civitati
2159 2237 2318 2313 suae

342 2385 542 2432 arma
576 2355 914 2430 inlaturos
946 2358 1349 2431 credebant.
1450 2355 1664 2430 Mille
1701 2357 1784 2432 iis
1829 2358 2102 2455 pedites
2147 2385 2318 2434 cum

350 2479 540 2553 duce
582 2479 889 2553 Cretenfi
946 2477 1293 2575 Euphane
1348 2474 1509 2550 sunt
1561 2476 1761 2551 miffi.
1865 2477 2320 2576 Epirotarum

352 2597 617 2698 legatio
664 2618 812 2672 erat
864 2596 1164 2671 minime
1210 2596 1291 2672 in
1346 2617 1616 2695 partem
1665 2601 1886 2674 ullam
1941 2598 2143 2676 liberi
2198 2623 2320 2676 aut

350 2715 685 2817 firnplicis
711 2716 952 2791 animi.
1056 2719 1279 2816 Apud
1314 2743 1550 2817 regem
1583 2717 1877 2817 gratiam
1911 2716 2160 2795 initam
2195 2747 2318 2796 vo·

354 2841 597 2914 lebant
626 2863 800 2912 cum
832 2863 947 2926 eo,
996 2859 1081 2912 ut
1114 2860 1462 2925 caverent,
1514 2865 1606 2913 ne
1639 2837 1822 2937 quid
1853 2839 2323 2916 obfenderent

358 2963 753 3036 Romanos·
872 2961 1217 3032 Petebant
1272 2957 1493 3046 enim,
1557 2969 1610 3002 “
1660 2986 1748 3032 ne
1805 2958 1870 3034 se
1923 2981 2184 3036 temere
2243 2961 2320 3036 in

356 3092 410 3125 “
444 3081 753 3156 cauffam
814 3079 1222 3166 deduceret,
1272 3081 1620 3176 expositos
1671 3081 1993 3156 adversus
2049 3083 2322 3158 Italiam

358 3214 408 3247 “
444 3229 577 3303 pro
610 3197 811 3273 omni
848 3199 1169 3308 Graecia,
1220 3204 1289 3274 ὅτ
1333 3201 1598 3298 primos
1640 3200 1919 3299 inpetus
1955 3204 2322 3280 Romano-

356 3335 409 3368 “
442 3347 609 3397 rum
640 3311 1089 3417 excepturos.
1188 3321 1353 3405 Sed,
1390 3323 1433 3394 fi
1472 3320 1614 3418 ipse
1646 3323 1866 3419 poffet
1889 3323 2322 3404 terrestribus

361 3454 411 3487 “
448 3439 955 3538 navalibusque
1014 3438 1240 3538 copiis
1296 3441 1675 3538 praefidere
1738 3441 1983 3541 Epire,
2059 3445 2321 3545 cupide

360 3575 411 3608 “
444 3589 620 3637 eum
650 3587 901 3636 omnes
936 3559 1261 3660 Epirotas
1286 3559 1360 3632 δι
1388 3559 1687 3636 urbibus
1709 3566 1776 3636 ὅτ
1812 3567 2160 3662 portubus
2185 3565 2336 3642 suis·

362 3696 413 3728 “
446 3703 885 3783 accepturos.
985 3681 1057 3756 Si
1102 3679 1179 3754 id
1224 3707 1367 3754 non
1403 3681 1647 3778 poflet,
1697 3683 2083 3780 deprecari,
2136 3713 2225 3760 ne
2257 3687 2323 3762 se

365 3817 416 3850 “
454 3806 689 3880 nudos
720 3825 935 3903 atque
970 3801 1269 3876 inermes
1313 3804 1652 3876 Romano
1695 3805 1884 3878 bello
1924 3805 2328 3903 objiceret.”

364 3927 529 4002 Hac
576 3923 927 4024 legatione
980 3921 1053 3996 id
1108 3921 1221 4022 agi
1276 3923 1678 4019 adparebat,
1731 3945 1837 4013 ut,
1899 3929 2032 4000 five
2091 3930 2325 4028 (quod

366 4044 589 4146 magis
636 4045 1047 4139 credebant)
1094 4040 1529 4118 abstinuisset
1579 4045 1824 4143 Epiro,
1877 4045 2148 4148 integra
2199 4047 2324 4124 fibi

366 4167 605 4244 omnia
634 4169 831 4268 apud
870 4164 1221 4242 exercitus
1260 4167 1628 4242 Romanos
1661 4170 1904 4259 effent,
1953 4169 2324 4246 conciliata
