3100 5359
828 726 925 821 78
1514 721 2148 798 T.L1v11

822 894 985 972 utili
1019 892 1523 970 lamentatione
1555 892 1916 970 fortunam
1949 891 2207 992 gemiti,
2258 893 2354 970 ad
2379 889 2580 992 spem
2613 919 2812 972 revo-

823 1016 1059 1104 cavit3
1106 1018 1354 1090 auctor
1406 1012 1732 1091 inducias
1781 1013 1904 1089 sex
1947 1017 2297 1090 menfium
2343 1013 2668 1112 petendi,
2729 1035 2814 1090 ut

819 1139 1087 1238 legatos
1145 1139 1463 1211 Romam
1524 1135 1802 1212 mittere
1862 1136 2158 1235 poffent.
2259 1145 2310 1180 “
2367 1135 2811 1212 Dilationem

823 1269 879 1303 “
913 1255 1095 1332 nihil
1140 1258 1229 1331 ad
1276 1255 1668 1354 praesentia
1721 1258 1932 1346 mala,
1985 1255 2260 1356 quippe
2319 1281 2502 1355 quae
2559 1255 2816 1330 ultima

824 1387 879 1423 “
912 1378 1155 1465 essent,
1218 1378 1674 1474 adjecturam.
1773 1375 2034 1452 Levari
2087 1403 2214 1476 per
2265 1378 2536 1452 multos
2587 1375 2808 1465 casus,

826 1511 878 1545 “
914 1519 1239 1598 tempore
1286 1497 1721 1597 interposito,
1798 1496 2188 1597 praesentes
2255 1499 2490 1573 clades
2548 1498 2812 1595 poffe.'’

820 1621 1141 1696 AuStore
1178 1620 1602 1696 Echedemo
1631 1617 1854 1694 iidem
1881 1617 2089 1708 mini,
2118 1618 2320 1718 prius
2353 1621 2436 1693 P.
2469 1616 2812 1716 Scipione

821 1761 1204 1827 convento,
1256 1765 1381 1838 per
1424 1765 1594 1815 eum
1625 1738 1952 1816 inducias
1997 1739 2338 1838 temporis
2381 1739 2557 1836 ejus,
2609 1739 2814 1838 quod

819 1863 1185 1960 petebant,
1235 1887 1279 1935 a
1310 1857 1598 1934 consule
1631 1858 2218 1960 impetraverunt:
2269 1863 2369 1947 ἃ,
2419 1857 2650 1940 soluta
2679 1863 2805 1936 ob·-

816 1981 1085 2058 fidione
1146 1979 1594 2080 Amphissae,
1663 1983 1806 2056 M'.
1853 1981 2164 2071 Acilius,
2217 1978 2478 2056 tradito
2535 1979 2812 2056 consuli

817 2101 1162 2191 exercitu,
1232 2099 1602 2200 provincia
1652 2102 1978 2178 deceflit:
2051 2107 2122 2178 δε
2175 2099 2424 2178 consul
2475 2103 2566 2180 ab
2625 2107 2810 2178 Am-

815 2225 1041 2325 phiffa
1101 2221 1533 2298 Thessaliam
1599 2221 1877 2322 repetit,
1949 2243 2034 2298 ut
2097 2247 2224 2320 per
2287 2221 2810 2298 Macedoniam

815 2343 1347 2440 Thraciamque
1382 2344 1678 2420 duceret
1708 2343 1782 2416 in
1815 2347 2082 2418 Asiam.
2183 2346 2386 2418 Tum
2423 2339 2808 2422 Africanus

817 2463 1037 2553 fratri,
1089 2476 1144 2510 “
1188 2466 1357 2552 Iter,
1402 2465 1605 2562 quod
1653 2462 1925 2552 infistis,
1977 2465 2072 2538 L.
2107 2461 2376 2563 Scipio,
2427 2487 2568 2560 ego
2619 2488 2804 2561 quo-

818 2595 870 2629 “
909 2610 1053 2683 que
1116 2585 1481 2684 adproboz
1552 2582 1672 2658 sed
1737 2603 1970 2658 totum
2035 2582 2116 2656 id
2178 2581 2476 2658 vertitur
2533 2581 2610 2658 in
2677 2606 2806 2658 vo·

816 2714 871 2748 “
906 2705 1175 2780 luntate
1212 2703 1558 2803 Philippi.
1655 2703 1839 2806 Qi,
1889 2707 1937 2778 fi
1983 2702 2286 2802 imperio
2331 2701 2570 2778 nostro
2615 2703 2816 2778 fidus

819 2834 872 2868 “
907 2823 1035 2912 est,
1086 2829 1155 2900 ὃς
1202 2822 1359 2914 iter,
1410 2829 1479 2900 ὅτ
1528 2845 1998 2912 commeatus,
2049 2829 2122 2900 sc
2164 2822 2438 2913 omnia,
2487 2848 2672 2922 quae
2727 2822 2810 2898 in

821 2955 871 2990 ‘⁶
908 2948 1125 3044 longo
1171 2943 1421 3020 itinere
1469 2945 1824 3022 exercitus
1867 2947 2069 3020 alunt
2105 2945 2542 3044 juvantque,
2594 2943 2812 3020 nobis

818 3077 870 3112 ‘⁸
906 3064 1408 3166 suppeditabit.
1506 3065 1582 3140 Si
1633 3065 1691 3141 is
1739 3064 2101 3154 destituat,
2165 3063 2345 3140 nihil
2398 3091 2524 3164 pet
2576 3067 2808 3142 Thra-
2883 3077 2888 3082 ’

820 3197 873 3232 “
902 3186 1087 3262 ciam
1137 3185 1297 3263 satis
1341 3207 1590 3262 tutum
1639 3185 1968 3262 habebi&
2062 3187 2321 3285 Itaque
2372 3185 2573 3286 prius
2619 3186 2812 3287 regis

818 3317 871 3352 ‘⁸
906 3306 1231 3383 ani-mum
1254 3307 1603 3408 explorari
1637 3309 1888 3405 placet.
1961 3305 2264 3406 Optime
2291 3307 2804 3407 explorabitur,

820 3437 873 3472 “
907 3431 953 3504 fi
1004 3427 1185 3504 nihil
1236 3455 1329 3504 ex
1383 3448 1790 3527 praeparato
1841 3449 2174 3528 agentem
2229 3427 2616 3527 obprimet,
2669 3427 2806 3527 qui

819 3557 875 3592 “
902 3548 1299 3626 mittetur.”
1392 3548 1517 3626 Ti.
1570 3549 2034 3648 Sempronius
2101 3550 2498 3637 GracchuS,
2583 3551 2806 3648 longe

814 3690 975 3744 tum
1000 3668 1756 3767 acerrimusjuvenum
1791 3669 1992 3745 adid
2025 3671 2370 3760 delectus,
2407 3696 2532 3769 per
2559 3667 2800 3767 dispo·-

815 3793 975 3866 fitos
1000 3815 1223 3889 equos
1244 3814 1465 3890 prope
1488 3787 1894 3866 incredibili
1921 3789 2274 3866 celeritate
2295 3794 2388 3866 ab
2421 3789 2810 3889 Amphiffa

824 3911 1027 4008 (inde
1053 3910 1249 3986 enim
1274 3909 1375 3985 est
1402 3908 1756 4004 dimissus)
1781 3909 1903 3986 die
1931 3909 2137 3985 tertio
2159 3912 2430 3986 Pellam
2455 3911 2803 4012 pervenit.

816 4033 901 4106 In
936 4031 1271 4108 convivio
1304 4057 1428 4107 rex
1460 4051 1635 4120 erat,
1685 4029 1762 4104 δε
1813 4033 1890 4107 in
1937 4034 2250 4108 multum
2277 4032 2430 4108 vini
2457 4034 2798 4132 processe-

816 4171 951 4228 rat:
1012 4179 1099 4229 ea
1154 4151 1301 4253 ipsa
1348 4151 1654 4228 remiffio
1711 4152 1934 4228 animi
1993 4151 2464 4253 suspicionem
2517 4155 2796 4241 denuit,
