3100 5359
910 749 1967 833 T1T1-L1v11

729 972 2260 1073 PATAVINI

751 1242 1066 1318 LIBER
1116 1240 1755 1319 TRIGESIMUS
1804 1240 2186 1313 NONUS.

483 1522 543 1594 I.
611 1440 952 1595 DUM
1003 1522 1176 1596 haec
1235 1525 1311 1619 (fi
1360 1524 1583 1597 modo
1616 1520 1755 1593 hoc
1812 1545 2001 1595 anno
2045 1518 2198 1593 adia
2255 1516 2445 1611 sunt)

481 1654 762 1731 Romae
809 1678 1142 1757 aguntur,
1203 1658 1522 1734 consules
1549 1650 1765 1733 ambo
1800 1656 1874 1730 in
1912 1655 2308 1756 Liguribus
2330 1682 2450 1756 ge-

479 1779 726 1851 rebant
758 1778 1052 1852 bellum.
1153 1781 1220 1853 Is
1253 1780 1468 1854 hostis
1489 1782 1685 1854 velut
1718 1800 1919 1852 natus
1954 1780 2045 1851 ad
2081 1776 2449 1851 continen-

481 1898 650 1970 dam
702 1896 884 1971 inter
928 1924 1354 1999 magnorum
1403 1899 1763 1975 intervalla
1794 1900 2145 1973 bellorum
2180 1900 2453 1973 Roma·

483 2019 592 2093 nis
622 2017 999 2091 militarem
1034 2018 1480 2117 disciplinam
1517 2040 1702 2094 erat:
1758 2045 1889 2093 nec
1920 2017 2055 2091 alia
2087 2016 2455 2115 provincia

485 2136 788 2212 militem
831 2137 1056 2236 magis
1109 2140 1203 2211 ad
1252 2138 1589 2214 virtutem
1622 2140 1941 2214 acuebat.
2041 2140 2235 2212 Nam
2266 2140 2451 2225 Asia,

481 2259 556 2331 δε
587 2256 1012 2333 amoenitate
1045 2256 1364 2346 urbium,
1397 2263 1464 2333 &
1496 2258 1703 2355 copia
1724 2256 2150 2332 terrestrium
2185 2255 2452 2331 mariti·

483 2402 908 2476 marumque
947 2402 1206 2465 rerum,
1267 2380 1342 2449 &
1391 2378 1692 2452 mollitia
1743 2376 2053 2453 hostium
2108 2375 2455 2476 regiisque

484 2498 770 2596 opibuS,
827 2496 1140 2587 ditioreS,
1205 2524 1424 2595 quam
1460 2497 1805 2585 fortioreS,
1862 2497 2209 2571 exercitus
2244 2496 2454 2572 facie-

485 2622 626 2693 bat.
727 2616 1115 2716 Praecipue
1162 2616 1293 2691 sub
1323 2616 1623 2716 imperio
1658 2620 1793 2692 Cn.
1824 2616 2087 2692 Manlii
2117 2617 2339 2692 solute
2372 2644 2455 2693 ac

481 2736 933 2837 neglegenter
985 2736 1211 2813 habiti
1273 2736 1456 2812 sunt.
1560 2740 1809 2835 Itaque
1875 2732 2181 2837 asperius
2209 2739 2451 2835 paullo

483 2858 612 2932 iter
648 2856 718 2931 in
756 2857 1089 2945 Thracia,
1135 2862 1202 2931 δε
1239 2856 1687 2931 exercitatior
1718 2857 1931 2932 hostis
1966 2884 2221 2956 magna
2254 2858 2455 2933 clade

481 3004 602 3051 eos
666 2976 1048 3077 castigavit.
1147 2980 1232 3050 In
1288 2975 1685 3075 Liguribus
1724 2976 1967 3051 omnia
2010 2998 2229 3065 erant,
2274 3000 2457 3074 quae

481 3096 786 3199 militem
822 3098 1238 3173 excitarent:
1293 3099 1448 3171 loca
1483 3118 1817 3171 montana
1848 3102 1915 3171 δε
1950 3096 2209 3195 aspera,
2271 3122 2457 3194 quae

480 3218 552 3291 &
589 3215 746 3316 ipfis
774 3244 1018 3316 capere
1045 3220 1240 3292 labor
1279 3240 1448 3305 erat,
1508 3221 1576 3291 &
1612 3244 1701 3291 ex
1726 3214 2253 3316 praeoccupatis
2280 3215 2455 3313 deji-

483 3364 636 3413 cere
696 3338 1012 3412 hostem:
1066 3337 1316 3412 itinera
1364 3338 1609 3424 ardua,
1643 3337 1961 3437 angusta,
2022 3334 2267 3411 infesta
2300 3335 2456 3411 infi-

483 3458 662 3532 diis:
716 3457 932 3533 hostis
960 3458 1158 3547 levis,
1185 3458 1259 3529 &
1292 3459 1528 3544 velox,
1559 3461 1626 3530 δε
1660 3455 2095 3555 repentinus,
2131 3455 2261 3554 qui
2296 3457 2456 3529 nul-

482 3580 634 3653 lum
680 3578 980 3677 usquam
1029 3601 1339 3676 tempuS‚
1372 3579 1659 3651 nullum
1692 3578 1937 3651 locum
1972 3574 2301 3675 quietum
2336 3594 2461 3649 aut

481 3697 808 3774 securum
837 3702 969 3774 effe
1004 3702 1290 3773 fineret:
1346 3696 1793 3797 obpugnatio
1826 3693 2196 3769 neceffaria
2219 3694 2459 3769 muni-

482 3840 714 3897 torum
765 3821 1235 3908 castellorum,
1271 3816 1613 3893 laboriosa
1645 3818 1849 3891 fimul
1882 3814 2455 3915 periculosaque:

482 3943 686 4041 inops
716 3939 942 4041 regio,
1005 3965 1190 4039 quae
1221 3938 1641 4038 parsimonia
1673 3935 2133 4035 adstringeret
2169 3936 2457 4025 militeS,

483 4063 780 4165 praedae
811 4062 1008 4136 haud
1035 4061 1348 4135 multum
1382 4060 1763 4157 praeberet.
1868 4058 2115 4157 Itaque
2142 4081 2287 4136 non
2319 4055 2465 4130 lixa
