3100 5359
826 748 901 821 L
954 774 984 821 1
1043 770 1085 821 Β
1134 771 1183 821 12
1234 770 1281 821 rt
1386 748 1776 823 XXXVII.
2175 774 2304 848 131

341 918 748 1018 postremos,
778 938 862 992 ut
884 916 1206 1018 quosque
1240 918 1477 1019 adepti
1506 919 1691 1009 sunt,
1737 922 2068 996 caedunt.
2167 924 2305 997 Ce-

336 1061 557 1113 terum
584 1036 1029 1136 fugientibus
1052 1039 1272 1135 major
1298 1039 1533 1137 pestis,
1563 1038 1988 1115 intermixtis
2013 1041 2302 1141 quadri·

334 1158 462 1259 gis,
495 1156 1053 1256 elephantisque,
1099 1159 1177 1230 δε
1208 1159 1493 1235 camelis
1522 1183 1691 1249 erat,
1725 1165 1794 1236 &
1830 1160 1950 1235 sua
1983 1160 2298 1260 ipsorum

330 1282 571 1355 turbat
624 1302 887 1377 quum,
925 1277 1167 1353 solutis
1200 1280 1598 1368 ordinibuS,
1625 1282 1824 1357 velut
1849 1282 2038 1357 caeci
2092 1281 2296 1381 super

329 1398 495 1475 alios
528 1398 649 1473 alii
682 1418 987 1488 ruentes,
1036 1398 1317 1474 incursu
1349 1402 1746 1476 belluarum
1791 1404 2295 1479 obtererentur.

328 1522 411 1595 In
430 1519 665 1595 castris
697 1544 993 1620 quoque
1027 1519 1305 1621 ingens,
1340 1525 1411 1594 ὅτ.
1445 1523 1666 1619 major
1698 1548 1916 1621 prope
1952 1547 2170 1621 quarn
2217 1522 2293 1597 in

323 1641 497 1729 acie,
524 1643 777 1717 caedes
810 1641 909 1715 est
941 1640 1153 1721 edita.
1254 1643 1451 1717 Nam
1484 1647 1554 1716 &
1587 1641 1983 1741 primorum
2017 1642 2188 1742 fuga
2215 1642 2292 1717 in

320 1762 537 1837 castra
564 1760 878 1839 maxime
914 1760 1324 1850 inclinavit,
1381 1768 1449 1835 &
1478 1763 1688 1859 hujus
1733 1762 2001 1837 fiducia
2045 1762 2294 1837 multi-

319 1882 614 1970 tudinis,
674 1881 807 1981 qui
858 1882 933 1957 in
994 1881 1334 1981 praefidio
1399 1904 1620 1971 erant,
1669 1881 2095 1980 pertinacius
2157 1908 2288 1983 pro

318 2005 497 2079 vallo
530 2022 965 2105 pugnarunt.
1049 2000 1343 2078 Retenti
1374 2000 1448 2075 in
1475 1986 1694 2099 port'is
1712 2004 2066 2099 valloque,
2102 2028 2286 2101 quae

318 2122 381 2197 se
446 2123 697 2222 inpetu
748 2122 901 2221 ipso
978 2143 1305 2221 capturos
1377 2120 1844 2209 crediderant,
1939 2124 2287 2213 Romani,

318 2243 689 2341 postquam
724 2244 1014 2319 tandem
1066 2262 1562 2341 perruperunt,
1625 2243 1716 2316 ab
1761 2240 1859 2316 ira
1891 2242 2286 2341 graviorem

316 2363 691 2439 ediderunt
716 2365 1035 2439 caedem.

400 2486 680 2561 XLIV.
782 2485 906 2559 Ad
940 2480 1469 2583 quinquaginta
1488 2481 1714 2557 millia
1740 2481 2072 2581 pediturn
2093 2483 2285 2560 caesa

314 2630 397 2679 eo
428 2604 547 2680 die
574 2603 943 2693 dicuntur,
978 2602 1309 2703 equitum
1332 2601 1461 2677 tria
1481 2603 1704 2677 millia
1728 2636 1750 2691 3
1781 2604 1981 2679 mille
2009 2609 2078 2680 δε
2105 2630 2280 2703 qua-

312 2723 665 2823 dringenti
728 2723 945 2821 capti,
1012 2722 1087 2795 δι
1158 2722 1584 2823 quindecim
1651 2750 1822 2799 cum
1889 2724 2280 2801 rectoribus

310 2842 681 2943 elephanti.
781 2838 1285 2919 Romanorum
1344 2842 1621 2943 aliquot
1669 2843 2013 2920 vulnerati
2069 2844 2230 2920 sunt
2250 2878 2276 2933 3

311 2964 717 3041 ceciderunt
749 2991 894 3039 non
926 2966 1088 3063 plus
1148 2962 1439 3040 trecenti
1492 2962 1790 3062 pedites,
1843 2985 2150 3064 quatuor
2206 2970 2278 3041 ὅτ

306 3082 555 3184 viginti
616 3084 941 3183 equites;
1006 3089 1075 3161 ὅτ
1118 3086 1209 3159 de
1270 3083 1620 3159 Eumenis
1673 3084 1985 3160 exercitu
2057 3084 2272 3185 quin-

309 3230 445 3303 que
471 3209 543 3281 &
565 3204 847 3305 viginti.
916 3208 1014 3279 Et
1040 3203 1162 3279 illo
1187 3202 1490 3302 quidem
1518 3204 1640 3278 die
1667 3203 1992 3294 victores,
2042 3205 2278 3305 direp-

306 3325 389 3401 tis
420 3324 735 3401 hostium
770 3322 1031 3413 castris,
1100 3348 1271 3399 cum
1318 3348 1580 3425 magna
1610 3326 1875 3422 praeda
1911 3324 1985 3399 in
2021 3324 2143 3401 sua
2168 3352 2274 3401 re·-

302 3466 655 3522 verterunt
666 3479 691 3534 3
726 3444 1003 3545 postero
1023 3442 1143 3518 die
1164 3442 1555 3543 spoliabant
1574 3444 1934 3521 caesorum
1955 3470 2270 3545 corpora,

306 3569 369 3641 ὅτ
392 3566 711 3667 captivos
738 3566 1267 3641 contrahebant.
1366 3563 1628 3663 Legati
1661 3568 1754 3639 ab
1804 3564 2148 3665 Thyatira
2199 3570 2272 3641 δε

305 3710 343 3759 a
370 3688 737 3786 Magnesia
763 3687 855 3761 ad
888 3684 1215 3785 Sipylum
1234 3686 1328 3760 ad
1380 3686 1742 3760 dedendas
1795 3688 2006 3761 urbes
2057 3708 2270 3760 vene-

302 3826 477 3883 runt.
602 3805 1036 3893 Antiochus,
1090 3831 1263 3881 cum
1314 3805 1560 3903 paucis
1618 3803 1929 3904 fugienS,
1987 3805 2064 3879 in
2117 3804 2270 3904 ipso

302 3926 538 4003 itinere
568 3926 893 4026 pluribus
924 3924 1521 4026 congregantibus
1556 3924 1650 4012 se,
1677 3924 1997 4001 ’modica
2045 3952 2266 4003 manu

302 4068 723 4124 armatorum
773 4046 1016 4123 media
1070 4044 1291 4121 ferme
1346 4048 1554 4120 nocte
1594 4044 1842 4121 Sardes
1871 4048 2262 4124 contendit.

302 4166 495 4258 Inde,
548 4192 779 4268 quum
832 4164 1156 4254 audiffet,
1213 4166 1593 4243 Seleucum
1639 4166 1870 4243 filium
1914 4167 1992 4242 &
2053 4168 2262 4269 quos-
