3100 5359
1021 734 1482 832 Lrnzn
1584 734 1754 817 XL.
2241 757 2421 841 415·

420 918 474 953 “
509 929 618 985 tos
668 905 871 984 vobis
924 908 1080 1008 ipfis
1130 934 1371 1010 graves
1420 914 1491 985 &
1534 929 1803 985 atroces
1835 903 2117 1008 geritis:
2172 932 2382 1005 quae,

420 1038 471 1075 ‘⁶
507 1029 907 1129 periculum
960 1029 1085 1118 est,
1138 1054 1228 1104 ne
1272 1056 1363 1105 ex
1394 1032 1525 1105 hac
1557 1029 1675 1104 die
1711 1028 1916 1104 nobis
1949 1031 2018 1102 ὅτ
2047 1025 2387 1127 reipubli-

420 1158 472 1193 “
512 1175 659 1237 cae,
708 1172 927 1246 quam
972 1149 1205 1239 vobis,
1256 1149 1606 1251 graviores
1657 1152 1849 1225 fiant.
1951 1152 2067 1224 De
2120 1146 2386 1247 quibus

419 1277 473 1313 “
510 1272 751 1344 caussis
803 1273 943 1345 hoc
994 1270 1397 1361 timeamus,
1447 1271 1676 1346 multa
1705 1269 2153 1357 subcurrunt,
2201 1292 2390 1367 quae

422 1398 475 1431 “
512 1388 917 1464 dicerentur
935 1423 961 1478 3
1022 1392 1147 1465 nisi
1195 1392 1373 1467 forte
1420 1389 1876 1490 inplacabiles
1930 1389 2192 1464 vestrae
2248 1388 2387 1463 irae

420 1518 474 1553 ‘⁴
512 1508 1001 1607 inplicaverint
1032 1510 1305 1586 animos
1332 1512 1616 1587 vestros,
1717 1512 1875 1585 Has
1899 1531 1984 1584 ut
2010 1508 2254 1598 hodie,
2305 1529 2389 1584 ut

420 1638 473 1674 “
510 1626 584 1704 in
630 1627 763 1704 isto
823 1633 1117 1730 templo,
1185 1631 1442 1706 finiatis
1494 1634 1898 1720 simultatm,
1967 1627 2392 1728 quaesumus

424 1759 477 1794 “
512 1774 639 1823 vos
677 1749 1011 1839 univerfi3
1064 1753 1167 1840 ὅτ,
1218 1777 1401 1852 quos
1443 1750 1816 1847 conjunxit
1865 1747 2204 1849 suffragiis
2254 1749 2396 1824 suis

424 1878 476 1931 *ἕ
512 1871 823 1967 populus
873 1872 1277 1961 Romanus,
1340 1874 1471 1946 hac
1536 1870 1750 1946 etiam
1819 1868 2393 1945 reconciliatione

426 2001 479 2036 “
512 1989 777 2089 gratiae
833 1991 1175 2092 conjungi
1221 2018 1262 2066 a
1304 1991 1509 2067 nobis
1555 1990 1804 2074 finatis.
1903 1990 2083 2064 Uno
2125 1988 2394 2079 animo,

427 2122 482 2157 “
517 2136 666 2186 uno
697 2110 986 2187 confilio
1014 2110 1256 2211 legatis
1286 2110 1632 2199 senatum,
1665 2109 1939 2209 equites
1959 2106 2393 2199 recenseatis,

428 2242 479 2277 ‘⁶
510 2229 731 2332 agatis
774 2230 1092 2319 censum,
1143 2231 1444 2305 lustrum
1480 2228 1842 2306 condatis:
1894 2231 2098 2329 quod
2132 2228 2208 2304 in
2239 2255 2395 2305 om-

427 2362 479 2395 “
516 2350 729 2427 nibus
776 2350 921 2425 fere
966 2349 1490 2451 precationibus
1542 2348 2048 2449 nuncupabitis
2093 2349 2399 2439 verbis,”

426 2474 541 2547 Ut
586 2499 666 2547 ea
714 2498 821 2546 res
870 2470 1051 2546 mihi
1094 2473 1550 2571 collegaeque
1583 2494 1747 2545 meo
1779 2472 1962 2545 bene
1987 2469 2064 2543 81.
2096 2468 2395 2546 feliciter

422 2592 729 2682 eveniat,
782 2600 833 2635 “
872 2590 951 2665 id
994 2590 1091 2666 ita
1127 2610 1211 2666 ut
1242 2576 1427 2679 vere,
1478 2612 1562 2665 ut
1587 2616 1677 2664 ex
1707 2590 1952 2665 animo
1981 2588 2212 2665 velitis
2238 2616 2398 2667 eve-

428 2724 481 2759 “
520 2712 712 2787 nire:
767 2709 1249 2809 efficiatisque,
1302 2730 1411 2798 ut,
1462 2711 1667 2807 quod
1693 2712 1864 2785 deos
1889 2711 2154 2809 precati
2179 2712 2396 2803 eritis,

430 2843 482 2878 “
520 2832 601 2907 id
651 2858 777 2908 vos
808 2832 987 2907 velle
1021 2830 1237 2905 etiam
1270 2828 1598 2905 homines
1630 2831 2026 2906 credamus.
2125 2836 2221 2908 T.
2255 2838 2401 2910 Ta·

431 2964 485 2999 “
521 2953 765 3043 tius&
795 2953 1185 3039 Romulus,
1236 2950 1314 3024 in
1348 2951 1551 3047 cujus
1582 2949 1776 3027 urbis
1803 2950 2047 3027 medio
2072 2949 2226 3027 foro
2251 2952 2402 3029 acie

433 3084 484 3119 ‘⁶
520 3073 753 3149 hostes
812 3092 1335 3159 concurrerant,
1399 3070 1502 3145 ibi
1552 3072 1942 3146 concordes
2001 3094 2402 3171 regnarunt.

433 3204 485 3239 “
519 3196 696 3269 Non
735 3196 957 3267 modo
989 3192 1397 3278 fimultates,
1449 3189 1571 3265 sed
1605 3191 1790 3265 bella
1815 3215 2108 3290 quoque
2141 3192 2404 3268 finiun-

434 3326 486 3357 “
524 3336 658 3389 tur.
762 3317 878 3387 Ex
924 3310 1187 3387 infestis
1224 3310 1543 3385 hostibus
1588 3312 2012 3410 plerumque
2039 3310 2208 3387 socii
2230 3315 2405 3389 fide-

434 3444 487 3477 “
526 3434 655 3522 les,
708 3432 1070 3508 interdum
1096 3430 1309 3505 etiam
1333 3430 1521 3505 cives
1540 3431 1748 3505 fiunt.
1849 3430 2142 3518 Albani,
2175 3433 2410 3509 diruta

430 3564 487 3619 .“
526 3555 743 3641 Alba,
796 3555 1113 3627 Romam
1148 3550 1451 3626 traducti
1485 3547 1677 3625 sunt:
1731 3550 2004 3640 Latini,
2053 3552 2297 3629 Sabini
2331 3553 2406 3630 in

434 3684 488 3720 “
524 3674 883 3749 civitatem
914 3672 1208 3771 accepti.
1286 3672 1680 3771 Vulgarum
1701 3668 1908 3759 illud,
1957 3672 2130 3771 quia
2159 3700 2409 3751 verum

434 3805 489 3859 .‘-‘
522 3814 692 3879 erat,
724 3792 801 3867 in
822 3791 1277 3891 proverbium
1310 3790 1539 3866 venit:
1579 3789 1954 3867 Amicitias
1975 3792 2407 3885 inmortales,

436 3925 490 3959 “
527 3912 941 3988 inimicitias
970 3912 1299 3987 mortales
1333 3912 1590 3985 debere
1623 3912 1830 3986 effe.''
1908 3912 2264 3989 Fremitus
2296 3941 2400 3990 or-

440 4054 555 4108 tus
582 4058 761 4108 curn
792 4029 1119 4123 adsensu.
1143 4030 1405 4105 deinde
1440 4029 1931 4107 universorum
1969 4058 2180 4108 voces
2215 4031 2412 4109 idem

432 4151 861 4253 petentium,
894 4148 1222 4227 confusae
1255 4148 1331 4224 in
1365 4175 1620 4239 unum,
1668 4150 2062 4227 orationem
2093 4150 2419 4253 interpel-
