3100 5359
853 701 928 777 L
981 728 1011 776 1
1069 672 1111 778 {a
1158 725 1204 776 E
1252 705 1330 776 ιι·
1403 703 1765 779 xxxrx.
2219 723 2359 805 307

391 896 733 965 cerneret,
779 902 1008 951 cuneo
1055 875 1304 952 institit
1352 895 1709 978 pugnarei
1741 875 1813 951 δι
1848 875 2074 977 usque
2120 879 2355 976 plures
2424 869 2439 880 ’

392 988 1012 1094 confertioresque,
1041 997 1316 1072 medios
1347 1002 1771 1097 urguebant.
1834 995 1945 1073 Ibi
1976 997 2352 1096 postquam

393 1120 704 1195 laborare
723 1115 952 1192 aciem
978 1117 1405 1215 Calpurnius
1426 1139 1699 1216 praetor
1718 1117 1927 1207 vidit,
1957 1121 2051 1192 T.
2072 1117 2354 1220 Qinc-

393 1239 634 1314 tilium
693 1241 964 1312 Varum
1009 1239 1086 1310 &
1119 1240 1214 1311 L.
1248 1237 1674 1333 Juventium
1708 1240 2065 1315 Thalnam
2091 1241 2355 1340 legatos

345 1426 351 1436 .
397 1361 490 1435 ad
527 1359 828 1459 singulas
879 1357 1194 1458 legiones
1243 1359 1715 1434 adhortandas
1764 1384 2055 1458 propere
2109 1359 2354 1433 mittit.

399 1481 677 1556 Docere
727 1483 796 1552 ὅτ
843 1503 1128 1552 monere
1161 1478 1396 1575 jubet,
1433 1489 1483 1523 “
1521 1478 1597 1553 in
1650 1477 1789 1552 illis
1838 1477 2032 1577 spem
2064 1503 2357 1554 omnem

398 1610 452 1644 ‘⁶
487 1597 822 1675 vincendi
875 1600 951 1671 &
1005 1590 1410 1674 retinendae
1457 1598 1847 1698 Hispaniae
1900 1600 2055 1672 effe.
2154 1597 2225 1673 Si
2254 1597 2358 1672 illi

399 1729 452 1766 “
489 1722 651 1796 loco
683 1721 964 1807 cedant,
1001 1717 1364 1793 neminem
1398 1719 1544 1816 ejus
1581 1718 1930 1792 exercitus
1958 1744 2101 1793 non
2136 1721 2359 1795 modo

401 1850 453 1883 “
490 1839 788 1930 Italiam,
847 1839 965 1914 sed
996 1867 1084 1914 ne
1111 1838 1300 1938 Tagi
1334 1839 1633 1939 quidem
1662 1838 2066 1914 ulteriorem
2101 1840 2354 1939 ripam,

401 1971 454 2005 “
491 1985 840 2060 umquam
866 1958 1252 2034 visurum-P
1351 1958 1529 2056 Ipse,
1587 1984 1758 2034 cum
1790 1945 2157 2057 equitibus
2186 1961 2361 2035 dua-

401 2105 564 2156 rum
597 2079 964 2180 legionum
998 2078 1397 2178 paullulum
1424 2077 1967 2167 circumvectus,
2015 2078 2092 2153 in
2142 2103 2361 2154 cune-

403 2228 529 2276 um
564 2200 904 2289 hostium,
941 2200 1070 2298 qui
1103 2196 1416 2273 mediam
1449 2201 1799 2297 urguebat
1830 2199 2083 2288 aciem,
2140 2203 2231 2275 ab
2263 2202 2361 2274 la-

403 2342 548 2396 tere
577 2319 893 2396 incurrit.
989 2316 1380 2414 Qinc'tius
1413 2343 1583 2393 cum
1610 2317 1746 2392 suis
1780 2318 2143 2419 equitibus
2194 2322 2362 2396 alte-

405 2467 567 2516 rum
614 2439 927 2515 hostium
957 2441 1140 2513 latus
1173 2437 1485 2511 invadit:
1538 2436 1659 2513 sed
1695 2440 1906 2538 longe
1938 2438 2167 2516 acrius
2202 2443 2363 2514 Cal·

401 2560 736 2660 purniani
787 2558 1062 2658 equites
1109 2560 1546 2656 pugnabant,
1604 2558 1680 2629 &
1722 2581 2000 2656 praetor
2028 2559 2170 2658 ipse
2203 2581 2367 2636 ante

403 2682 599 2758 alios,
699 2682 894 2754 Nam
943 2679 1019 2750 ὅτ,
1071 2677 1338 2776 primus
1365 2677 1638 2752 hostem
1682 2683 2031 2776 percuffit,
2060 2681 2135 2752 &
2170 2680 2267 2756 ita
2296 2682 2371 2756 se'

407 2799 768 2878 inmiscuit
819 2797 1101 2885 mediiS,
1157 2817 1238 2871 ut
1270 2795 1420 2884 vix,
1441 2795 1670 2871 utrius
1697 2799 2136 2896 partisefl‘et,
2170 2801 2365 2877 nosci

405 2926 646 3022 poffet.
749 2922 846 2994 Et
903 2917 1182 3016 equites
1242 2916 1577 3016 praetoris
1629 2917 1893 2992 eximia
1940 2920 2228 3009 virtute,
2294 2925 2367 2996 &

407 3042 738 3144 equitum
771 3037 1044 3137 pedites
1075 3039 1339 3111 accenfi
1373 3035 1555 3112 sunt.
1655 3039 1901 3111 Pudor
1949 3038 2175 3114 movit
2223 3041 2365 3139 pri-

407 3187 565 3238 mos
589 3157 1062 3246 centurioneS,
1089 3156 1219 3254 qui
1253 3155 1434 3232 inter
1467 3158 1604 3232 tela
1630 3157 1941 3232 hostium
1977 3181 2365 3257 praetorem

409 3281 948 3380 conspexerunt.
1045 3277 1297 3374 Itaque
1347 3281 1651 3375 urguere
1703 3276 2061 3376 {igniferos
2116 3304 2244 3377 pro
2300 3281 2366 3356 se

407 3399 1004 3501 quisque,jubere
1039 3394 1291 3470 inferre
1325 3400 1537 3496 figna,
1568 3399 1635 3470 ὅτ
1666 3395 2037 3474 confestim
2064 3399 2366 3477 militem

409 3520 632 3619 sequi.
733 3521 1152 3592 Renovatur
1183 3518 1275 3590 ab
1308 3515 1644 3590 omnibus
1689 3518 1975 3592 clamor.
2076 3521 2368 3621 Inpetus

414 3643 497 3715 fit
553 3640 748 3714 velut
813 3663 904 3711 ex
969 3633 1318 3735 superiore
1375 3637 1560 3711 loco·
1657 3637 1892 3711 Haud
1932 3636 2129 3715 secus
2168 3667 2365 3741 erg0,

411 3785 635 3861 quam
688 3756 1010 3833 torrentis
1069 3756 1317 3843 mod0,
1367 3753 1688 3828 fundunt
1725 3756 2185 3858 sternuntque
2212 3785 2368 3858 per.

414 3879 670 3968 culs05,
725 3905 858 3952 nec
887 3874 1216 3950 sustinere
1245 3874 1366 3948 alii
1395 3874 1606 3973 super
1628 3873 1799 3948 alios
1836 3876 2209 3954 inferentes
2236 3880 2370 3955 sese

411 4001 719 4100 poffunt.
821 3997 1205 4095 Fugientes
1275 3995 1352 4069 in
1411 3996 1629 4070 castra
1686 3997 1960 4094 equites
2024 3997 2371 4096 persecuti

415 4119 604 4209 sunt,
651 4123 720 4194 &
756 4115 1090 4217 permixti
1123 4119 1368 4192 turbae
1397 4115 1707 4192 hostium
1744 4116 1923 4192 intra
1955 4120 2221 4194 vallum
2250 4145 2372 4220 pe.
