3100 5359
851 717 926 790 L
968 738 997 788 1
1055 739 1098 791 13
1155 739 1200 788 E
1256 737 1304 788 n
1407 714 1837 790 XXXVIII.
2182 741 2321 815 243

357 899 406 936 “
443 909 590 963 non
615 885 1065 976 strinxissem,
1100 887 1152 959 fi
1187 887 1459 962 hostem
1496 885 1993 962 non-vidissem
2020 918 2044 974 ;
2090 906 2331 962 tamen

355 1019 408 1054 “
442 1007 822 1108 proconsul
855 1008 1305 1108 triumphurn
1341 1007 1416 1081 in
1463 1007 1775 1104 Thracia
1808 1009 2093 1082 duobus
2126 1035 2329 1106 proe-

318 1169 324 1176 ·
356 1140 409 1173 “
445 1128 558 1204 liis
592 1153 1006 1204 merueram.
1091 1128 1230 1202 Sed
1251 1127 1402 1222 jam
1437 1127 1716 1202 dictum
1746 1127 1899 1202 satis
1933 1128 2053 1202 est.
2128 1127 2332 1229 Qin

359 1257 422 1294 “
448 1273 578 1348 pro
610 1273 724 1336 e0,
789 1249 990 1346 quod
1035 1246 1362 1347 pluribus
1397 1247 1632 1322 verbis
1666 1275 1827 1336 VOS,
1855 1275 2076 1346 quam
2108 1242 2361 1338 volui.

359 1378 411 1412 ‘⁶
447 1367 762 1468 fatigavi,
812 1367 1096 1442 veniam
1121 1393 1164 1442 a
1185 1366 1388 1443 vobis
1414 1367 1709 1465 petitam
1742 1366 2335 1496 impetratamque

349 1499 414 1533 ⁴‘
447 1488 692 1576 velim,
722 1491 958 1562 Patres
991 1486 1437 1620 conscripti?
1472 1485 1475 1488 ’

461 1609 550 1684 L.
649 1610 820 1682 Plus
841 1606 1138 1682 crimina
1156 1633 1242 1681 eo
1277 1605 1421 1695 die,
1457 1631 1676 1705 quam
1712 1605 2048 1694 defenfio,
2083 1603 2335 1680 valuis-

357 1730 538 1816 sent,
571 1727 649 1802 ni
683 1724 1252 1804 altercationem
1237 1753 1310 1800 in
1338 1726 1568 1822 serum
1598 1724 2101 1824 perduxiffent.
2202 1725 2338 1800 Di-

358 1846 671 1923 mittitur
717 1845 989 1921 senatus
1037 1844 1114 1921 in
1153 1873 1236 1920 ea
1267 1845 1632 1944 opinione,
1686 1867 1768 1920 ut
1802 1867 2180 1944 negaturus
2216 1846 2335 1920 tri-

358 1969 725 2067 umphum
759 1965 960 2043 fuiffe
991 1965 1370 2040 videretur.
1469 1967 1755 2040 Postero
1795 1966 1911 2040 die
1948 1971 2017 2040 ὅτ
2052 1966 2338 2066 cognati

359 2086 724 2185 amicique
779 2088 915 2161 Cn.
968 2083 1233 2173 Manlii
1288 2084 1581 2160 summis
1612 2085 1872 2184 opibus
1899 2085 2115 2161 adnifi
2152 2086 2334 2176 sunt,

360 2211 438 2282 ἃ
483 2205 856 2282 auctoritas
903 2203 1255 2280 seniorum
1301 2205 1547 2294 valuit,
1600 2204 2043 2305 negantium,
2098 2233 2341 2284 exem·

361 2329 574 2426 plum
621 2326 990 2424 proditum
1019 2325 1400 2400 memoriae
1435 2328 1595 2415 effe,
1624 2349 1709 2400 ut
1742 2325 2141 2424 imperator,
2178 2328 2336 2428 qui,

365 2445 852 2548 perduellibus
885 2445 1206 2538 devictis»,
1267 2445 1589 2528 confecta
1623 2447 2011 2546 provincia,
2072 2450 2341 2526 exerci-

367 2591 531 2643 tum
593 2569 1014 2666 reportasset,
1049 2569 1188 2640 fine
1241 2591 1451 2641 curru
1487 2570 1555 2642 δι’
1603 2570 1859 2656 laurea,
1894 2567 2204 2668 privatus
2239 2570 2345 2644 in-

366 2685 921 2786 honoratusque,
988 2689 1244 2762 urbem
1294 2684 1524 2760 iniret.
1658 2687 1811 2762 Hic
1892 2691 2128 2786 pudor
2198 2717 2345 2766 ma·

369 2807 772 2908 lignitatem
823 2805 1025 2895 vicit,
1095 2804 1691 2905 triumphumque
1748 2806 2149 2906 frequentes
2221 2813 2345 2888 de-

369 2946 767 3004 creverunt.
867 2928 1216 3024 Obpreffit
1241 2924 1504 3001 deinde
1539 2926 1980 3003 mentionem
2015 2932 2347 3006 memori-

369 3072 638 3146 amque
689 3040 982 3122 omnem
1017 3045 1490 3121 contentionis
1535 3048 1746 3143 hujus
1799 3050 2021 3145 majus
2062 3052 2139 3124 δε
2178 3059 2352 3128 eum

371 3167 636 3264 majore
672 3170 739 3242 ὅτ
767 3166 1054 3241 clariore
1081 3165 1232 3240 viro
1259 3186 1615 3241 certamen
1642 3189 1903 3242 ortum.
2006 3171 2087 3244 P.
2122 3171 2352 3270 Scipi·

369 3287 500 3364 oni
555 3285 898 3362 Africano
957 3292 1070 3386 (ut
1108 3283 1428 3362 Valerius
1477 3288 1731 3362 Antias
1761 3291 2008 3364 auctor
2035 3291 2164 3387 est)
2202 3294 2353 3368 duo

371 3407 768 3512 QPetillii
803 3406 998 3482 diem
1020 3407 1380 3482 dixerunt.
1481 3409 1596 3496 Id,
1630 3431 1841 3506 prout
1867 3408 2211 3509 cujusque
2247 3410 2354 3485 in-

375 3529 677 3631 genium
712 3549 881 3618 erat,
915 3527 1569 3628 interpretabantur.
1672 3527 1825 3603 Alii
1860 3535 2005 3603 non
2035 3530 2359 3607 tribunos

376 3649 638 3750 plebis,
699 3647 816 3724 sed
861 3648 1255 3723 universam
1283 3647 1670 3737 civitatem,
1706 3675 1887 3747 quae
1922 3649 1995 3723 id
2024 3649 2165 3748 pati
2202 3651 2355 3749 pos·

376 3770 506 3860 set,
564 3767 1000 3848 incusabant.
1100 3778 1153 3813 “
1191 3767 1388 3842 Duas
1424 3767 1771 3842 maximas
1804 3769 1992 3846 orbis
2019 3791 2359 3848 terrarum

379 3902 435 3936 ‘⁴
473 3893 684 3966 urbes
729 3889 1030 3988 ingratas
1075 3910 1224 3962 uno
1268 3913 1488 3986 prope
1536 3908 1857 3986 tempore
1893 3889 1967 3963 in
2006 3890 2359 3990 principes

381 4022 436 4057 ‘⁸
473 4010 833 4085 inventas:
889 4011 1204 4086 Romam
1233 4007 1728 4107 ingratiorem3
1760 4013 1807 4082 fi
1842 4008 2141 4109 quidem
2172 4010 2359 4088 victa

380 4143 436 4177 “
470 4133 834 4230 Karthago
887 4128 1164 4204 vict-um
1209 4127 1705 4205 Hannibalem
1754 4128 1831 4203 in
1874 4133 2197 4208 exsilium
2240 4157 2361 4208 ex-
