3100 5359
760 734 904 810 352
1421 709 2059 786 T.L1vrt

755 879 1294 980 comprehensos
1351 879 1430 956 in
1493 879 1821 958 custodia
1882 883 2195 970 haberet,
2273 885 2344 957 δε
2408 901 2723 984 tempore

753 1001 978 1078 alium
1003 1001 1144 1078 alio
1177 1001 1472 1076 tolleret.

851 1124 980 1198 IV.
1082 1124 1268 1198 Eam
1298 1121 1817 1210 crudelitatem,
1852 1120 2137 1198 foedam
2164 1149 2289 1220 per
2318 1122 2413 1212 se,
2447 1122 2721 1200 foedio-

753 1266 904 1316 rem
980 1241 1197 1317 unius
1271 1243 1533 1317 domus
1596 1243 1831 1317 clades
1897 1240 2091 1318 fecit.
2228 1245 2715 1334 Herodicum,

751 1357 1146 1460 principem
1191 1363 1707 1449 Thessalorum,
1740 1361 1985 1436 multis
2012 1384 2174 1436 ante
2204 1363 2407 1438 annis
2432 1365 2718 1441 occide-

747 1503 895 1557 rat:
959 1507 1254 1582 generos
1311 1507 1609 1582 quoque
1653 1484 1805 1580 ejus
1862 1483 2101 1582 postea
2156 1483 2531 1560 interfecit.
2630 1487 2715 1560 In

747 1601 1092 1676 viduitate
1127 1602 1404 1678 relictae
1439 1602 1649 1692 filiae,
1708 1605 2015 1704 fingulos
2064 1603 2248 1680 filios
2298 1631 2551 1705 parvos
2596 1607 2717 1680 ha-

747 1723 1016 1796 bentes.
1114 1724 1510 1799 Theoxena
1560 1726 1631 1798 8:
1686 1725 1933 1799 Archo
1966 1724 2261 1800 nomina
2294 1723 2715 1800 mulieribus

747 1863 962 1918 erant.
1061 1843 1480 1931 Theoxena,
1539 1841 1785 1918 multis
1821 1843 2255 1940 petentibus»,
2314 1844 2715 1944 adspernata

745 1960 1028 2062 nuptias
1057 1960 1182 2036 est.
1281 1964 1529 2038 Archo
1562 1961 1809 2038 Poridi
1846 1963 2167 2053 cuidam,
2204 1967 2419 2064 longe
2451 1964 2711 2062 princi·

743 2082 820 2182 pi
851 2082 1081 2182 gentis
1117 2087 1547 2171 Aeneatum,
1574 2087 1859 2181 -nupfit3
1912 2087 2009 2173 ὅτ,
2058 2085 2253 2183 apud
2282 2107 2453 2159 eum
2476 2087 2711 2183 plures

743 2199 934 2278 enisa
983 2223 1250 2303 partus,
1305 2199 1532 2302 parvis
1588 2203 1987 2278 admodum
2040 2203 2299 2278 relictis
2346 2204 2709 2294 omnibuS,

741 2323 1050 2398 deceffit.
1145 2323 1566 2411 Theoxena,
1624 2342 1709 2396 ut
1764 2321 1841 2396 in
1908 2321 2047 2398 suis
2122 2325 2453 2401 manibus
2508 2323 2713 2400 liberi

741 2441 988 2522 sororis
1037 2443 1531 2530 educarentur,
1584 2441 1830 2516 Poridi
1864 2446 2097 2540 nupfit
2116 2475 2137 2516 z
2188 2447 2284 2531 &,
2342 2465 2709 2543 tamquam

739 2588 986 2641 omnes
1033 2561 1178 2660 ipsa
1227 2559 1418 2636 enisa
1473 2559 1679 2650 foret,
1728 2559 1941 2638 suum
1984 2561 2371 2662 sororisque
2410 2563 2591 2640 filios
2632 2565 2709 2642 in

737 2683 986 2760 eadem
1019 2682 1324 2758 habebat
1355 2705 1548 2755 cura.
1647 2681 2034 2779 Postquam
2061 2682 2244 2783 regis
2268 2683 2587 2759 edietum
2615 2687 2709 2760 de

739 2797 1428 2900 comprehendendis
1459 2799 1701 2876 liberis
1732 2822 2007 2890 eorum,
2058 2801 2189 2901 qui
2222 2801 2572 2880 interfecti
2604 2805 2707 2880 es-

738 2921 914 3010 sent,
967 2919 1280 3021 accepit,
1327 2918 1659 2996 ludibrio'
1680 2917 1983 3010 futuros,
2048 2947 2197 2998 non
2238 2922 2423 3023 regis
2454 2925 2705 3014 modo,

737 3041 860 3119 sed
915 3040 1297 3118 custodum
1359 3037 1577 3116 etiam
1624 3037 1945 3130 libidini,
1992 3062 2163 3132 rata,
2212 3044 2309 3118 ad
2340 3069 2490 3120 rem
2522 3063 2705 3119 atro-

737 3189 894 3240 cem
947 3159 1274 3238 animum
1327 3157 1635 3256 adjecit3
1686 3157 1991 3258 ausaque
2036 3159 2137 3236 est
2164 3161 2427 3252 dicere,
2484 3163 2551 3239 se
2582 3162 2707 3239 sua

736 3307 953 3360 manu
980 3280 1221 3379 potius
1249 3303 1496 3355 omnes
1531 3277 2083 3369 interfecturam,
2118 3305 2339 3380 quam
2372 3281 2450 3357 in
2477 3281 2705 3383 potes-

735 3423 950 3480 tatem
977 3397 1294 3500 Philippi
1325 3397 1669 3474 venirent.
1767 3397 1992 3488 Poris,
2026 3399 2473 3478 abominatus
2504 3427 2707 3478 men-

733 3523 1006 3600 tionem
1069 3540 1216 3596 tam
1291 3517 1486 3594 foedi
1554 3517 1911 3608 facinoris,
1988 3521 2309 3596 Athenas
2372 3522 2707 3621 depom-

734 3664 976 3718 turum
1003 3667 1124 3718 eos
1154 3643 1246 3716 ad
1279 3642 1462 3716 fidos
1493 3638 1799 3740 hospites
1824 3637 2039 3729 dixit,
2072 3641 2558 3740 comitemque
2592 3640 2701 3740 ip·

734 3761 892 3838 sum
917 3751 1130 3863 fugae
1161 3761 1486 3838 futurum
1520 3762 1677 3834 effe.
1780 3758 2332 3838 Proficiscuntur
2360 3765 2451 3837 ab
2476 3759 2703 3836 Thes·

734 3881 1036 3958 salonica
1099 3887 1424 3958 Aeneam
1483 3880 1576 3955 ad
1636 3879 1895 3955 statum
1958 3877 2412 3970 sacrificium,
2492 3882 2701 3978 quod

733 4001 1092 4079 conditori
1149 4006 1436 4078 Aeneae
1469 4023 1641 4076 cum
1676 4023 1935 4100 magna
1963 3999 2363 4076 ceremonia
2394 4021 2697 4099 quotan-

733 4123 842 4200 nis
868 4121 1160 4202 faciunt.
1213 4123 1246 4198 1
1254 4120 1328 4198 bi
1353 4119 1474 4198 die
1492 4143 1621 4221 per
1643 4117 2009 4195 sollemnes
2034 4120 2274 4220 epulas
2292 4118 2701 4209 consumto,
