<?xml version="1.0" encoding="UTF-8"?>
<!DOCTYPE html PUBLIC "-//W3C//DTD XHTML 1.0 Transitional//EN"
    "http://www.w3.org/TR/xhtml1/DTD/xhtml1-transitional.dtd">
<html xmlns="http://www.w3.org/1999/xhtml" xml:lang="en" lang="en">
 <head>
  <title>
</title>
<meta http-equiv="Content-Type" content="text/html;charset=utf-8" />
  <meta name='ocr-system' content='tesseract 3.04.00' />
  <meta name='ocr-capabilities' content='ocr_page ocr_carea ocr_par ocr_line ocrx_word'/>
</head>
<body>
  <div class='ocr_page' id='page_1' title='image "./tliviipatavinih01homegoog_0133.png"; bbox 0 0 3100 5359; ppageno 0'>
   <div class='ocr_carea' id='block_1_1' title="bbox 749 685 2207 810">
    <p class='ocr_par' dir='ltr' id='par_1_1' title="bbox 749 685 2207 810">
     <span class='ocr_line' id='line_1_1' title="bbox 749 685 2207 810; baseline -0.003 -21"><span class='ocrx_word' id='word_1_1' title='bbox 749 716 822 789; x_wconf 91' lang='lat' dir='ltr'>L</span> <span class='ocrx_word' id='word_1_2' title='bbox 870 740 899 788; x_wconf 89' lang='lat'>1</span> <span class='ocrx_word' id='word_1_3' title='bbox 958 740 997 788; x_wconf 83' lang='lat'>13</span> <span class='ocrx_word' id='word_1_4' title='bbox 1056 738 1101 787; x_wconf 74' lang='grc' dir='ltr'>Ε</span> <span class='ocrx_word' id='word_1_5' title='bbox 1155 738 1203 787; x_wconf 79' lang='lat' dir='ltr'>R</span> <span class='ocrx_word' id='word_1_6' title='bbox 1304 685 1694 789; x_wconf 79' lang='lat' dir='ltr'><strong>XXXVII.</strong></span> <span class='ocrx_word' id='word_1_7' title='bbox 2075 734 2207 810; x_wconf 82' lang='lat'>125</span> 
     </span>
    </p>
   </div>
   <div class='ocr_carea' id='block_1_2' title="bbox 254 877 2230 4199">
    <p class='ocr_par' dir='ltr' id='par_1_2' title="bbox 254 877 2228 1673">
     <span class='ocr_line' id='line_1_2' title="bbox 254 877 2227 984; baseline -0.002 -25"><span class='ocrx_word' id='word_1_8' title='bbox 254 887 665 982; x_wconf 82' lang='lat' dir='ltr'>elephantos</span> <span class='ocrx_word' id='word_1_9' title='bbox 732 886 887 984; x_wconf 90' lang='lat' dir='ltr'>post</span> <span class='ocrx_word' id='word_1_10' title='bbox 959 877 1223 961; x_wconf 76' lang='lat' dir='ltr'>triarios</span> <span class='ocrx_word' id='word_1_11' title='bbox 1290 886 1364 960; x_wconf 90' lang='lat' dir='ltr'>in</span> <span class='ocrx_word' id='word_1_12' title='bbox 1428 884 1731 960; x_wconf 66' lang='lat' dir='ltr'>subsidio</span> <span class='ocrx_word' id='word_1_13' title='bbox 1801 884 2227 957; x_wconf 85' lang='lat' dir='ltr'>locaverunt.</span> 
     </span>
     <span class='ocr_line' id='line_1_3' title="bbox 256 1002 2223 1104; baseline -0.002 -25"><span class='ocrx_word' id='word_1_14' title='bbox 256 1009 484 1093; x_wconf 83' lang='lat' dir='ltr'>Nam,</span> <span class='ocrx_word' id='word_1_15' title='bbox 531 1028 1015 1104; x_wconf 87' lang='lat' dir='ltr'>praeterquam</span> <span class='ocrx_word' id='word_1_16' title='bbox 1060 1007 1259 1104; x_wconf 88' lang='lat' dir='ltr'>quod</span> <span class='ocrx_word' id='word_1_17' title='bbox 1298 1004 1830 1078; x_wconf 87' lang='lat' dir='ltr'>multitudinem</span> <span class='ocrx_word' id='word_1_18' title='bbox 1865 1002 2223 1101; x_wconf 87' lang='lat' dir='ltr'>regiorum</span> 
     </span>
     <span class='ocr_line' id='line_1_4' title="bbox 258 1122 2223 1223; baseline -0.002 -26"><span class='ocrx_word' id='word_1_19' title='bbox 258 1126 795 1223; x_wconf 84' lang='lat' dir='ltr'>elephantorum</span> <span class='ocrx_word' id='word_1_20' title='bbox 860 1130 1083 1221; x_wconf 88' lang='lat' dir='ltr'>(erant</span> <span class='ocrx_word' id='word_1_21' title='bbox 1130 1143 1369 1198; x_wconf 87' lang='lat' dir='ltr'>autem</span> <span class='ocrx_word' id='word_1_22' title='bbox 1416 1145 1722 1222; x_wconf 86' lang='lat' dir='ltr'>quatuor</span> <span class='ocrx_word' id='word_1_23' title='bbox 1774 1126 1840 1195; x_wconf 86' lang='lat'>&amp;</span> <span class='ocrx_word' id='word_1_24' title='bbox 1874 1122 2223 1219; x_wconf 89' lang='lat' dir='ltr'>quinqua·</span> 
     </span>
     <span class='ocr_line' id='line_1_5' title="bbox 257 1238 2222 1342; baseline -0.002 -26"><span class='ocrx_word' id='word_1_25' title='bbox 257 1244 490 1342; x_wconf 83' lang='lat' dir='ltr'>ginta)</span> <span class='ocrx_word' id='word_1_26' title='bbox 525 1243 853 1317; x_wconf 89' lang='lat' dir='ltr'>sustinere</span> <span class='ocrx_word' id='word_1_27' title='bbox 889 1270 1033 1316; x_wconf 89' lang='lat' dir='ltr'>non</span> <span class='ocrx_word' id='word_1_28' title='bbox 1062 1243 1483 1318; x_wconf 84' lang='lat' dir='ltr'>videbantur</span> <span class='ocrx_word' id='word_1_29' title='bbox 1508 1244 1722 1339; x_wconf 79' lang='lat' dir='ltr'>pofl&#39;e,</span> <span class='ocrx_word' id='word_1_30' title='bbox 1759 1267 1846 1314; x_wconf 89' lang='lat' dir='ltr'>ne</span> <span class='ocrx_word' id='word_1_31' title='bbox 1879 1238 2027 1337; x_wconf 85' lang='lat' dir='ltr'>pari</span> <span class='ocrx_word' id='word_1_32' title='bbox 2062 1240 2222 1337; x_wconf 90' lang='lat' dir='ltr'>qui·</span> 
     </span>
     <span class='ocr_line' id='line_1_6' title="bbox 262 1358 2228 1457; baseline -0.001 -22"><span class='ocrx_word' id='word_1_33' title='bbox 262 1364 429 1436; x_wconf 88' lang='lat' dir='ltr'>dem</span> <span class='ocrx_word' id='word_1_34' title='bbox 492 1388 793 1435; x_wconf 89' lang='lat' dir='ltr'>numero</span> <span class='ocrx_word' id='word_1_35' title='bbox 842 1361 1108 1436; x_wconf 86' lang='lat' dir='ltr'>Indicis</span> <span class='ocrx_word' id='word_1_36' title='bbox 1157 1361 1386 1437; x_wconf 87' lang='lat' dir='ltr'>Africi</span> <span class='ocrx_word' id='word_1_37' title='bbox 1439 1362 1795 1447; x_wconf 84' lang='lat' dir='ltr'>refistunt3</span> <span class='ocrx_word' id='word_1_38' title='bbox 1865 1361 2004 1433; x_wconf 84' lang='lat' dir='ltr'>five</span> <span class='ocrx_word' id='word_1_39' title='bbox 2056 1358 2228 1457; x_wconf 88' lang='lat' dir='ltr'>quia</span> 
     </span>
     <span class='ocr_line' id='line_1_7' title="bbox 258 1480 2222 1580; baseline 0 -27"><span class='ocrx_word' id='word_1_40' title='bbox 258 1480 783 1580; x_wconf 84' lang='lat' dir='ltr'>magnitudine,</span> <span class='ocrx_word' id='word_1_41' title='bbox 812 1483 1053 1579; x_wconf 89' lang='lat' dir='ltr'>(longe</span> <span class='ocrx_word' id='word_1_42' title='bbox 1072 1480 1263 1556; x_wconf 89' lang='lat' dir='ltr'>enim</span> <span class='ocrx_word' id='word_1_43' title='bbox 1292 1481 1394 1554; x_wconf 92' lang='lat' dir='ltr'>illi</span> <span class='ocrx_word' id='word_1_44' title='bbox 1420 1480 1792 1579; x_wconf 88' lang='lat' dir='ltr'>praestant)</span> <span class='ocrx_word' id='word_1_45' title='bbox 1821 1484 1952 1554; x_wconf 89' lang='lat' dir='ltr'>five</span> <span class='ocrx_word' id='word_1_46' title='bbox 1973 1483 2222 1554; x_wconf 89' lang='lat' dir='ltr'>robore</span> 
     </span>
     <span class='ocr_line' id='line_1_8' title="bbox 261 1600 1110 1673; baseline 0 0"><span class='ocrx_word' id='word_1_47' title='bbox 261 1600 669 1673; x_wconf 86' lang='lat' dir='ltr'>animorum</span> <span class='ocrx_word' id='word_1_48' title='bbox 706 1600 1110 1673; x_wconf 84' lang='lat' dir='ltr'>vincuntur.</span> 
     </span>
    </p>

    <p class='ocr_par' dir='ltr' id='par_1_3' title="bbox 264 1717 2230 4199">
     <span class='ocr_line' id='line_1_9' title="bbox 354 1717 2224 1819; baseline 0 -26"><span class='ocrx_word' id='word_1_49' title='bbox 354 1722 529 1793; x_wconf 91' lang='lat' dir='ltr'>XL.</span> <span class='ocrx_word' id='word_1_50' title='bbox 581 1718 815 1817; x_wconf 90' lang='lat' dir='ltr'>Regia</span> <span class='ocrx_word' id='word_1_51' title='bbox 859 1718 1039 1793; x_wconf 89' lang='lat' dir='ltr'>acies</span> <span class='ocrx_word' id='word_1_52' title='bbox 1085 1719 1273 1794; x_wconf 86' lang='lat' dir='ltr'>varia</span> <span class='ocrx_word' id='word_1_53' title='bbox 1313 1720 1536 1818; x_wconf 89' lang='lat' dir='ltr'>magis</span> <span class='ocrx_word' id='word_1_54' title='bbox 1583 1719 1824 1793; x_wconf 89' lang='lat' dir='ltr'>multis</span> <span class='ocrx_word' id='word_1_55' title='bbox 1868 1717 2224 1819; x_wconf 78' lang='lat' dir='ltr'>gentibuS‚</span> 
     </span>
     <span class='ocr_line' id='line_1_10' title="bbox 264 1838 2226 1936; baseline 0.002 -25"><span class='ocrx_word' id='word_1_56' title='bbox 264 1838 824 1913; x_wconf 85' lang='lat' dir='ltr'>diffimilitudine</span> <span class='ocrx_word' id='word_1_57' title='bbox 844 1864 1198 1912; x_wconf 81' lang='lat' dir='ltr'>armorum</span> <span class='ocrx_word' id='word_1_58' title='bbox 1224 1838 1793 1936; x_wconf 83' lang='lat' dir='ltr'>auxiliorumque</span> <span class='ocrx_word' id='word_1_59' title='bbox 1815 1860 1980 1913; x_wconf 86' lang='lat' dir='ltr'>erat.</span> <span class='ocrx_word' id='word_1_60' title='bbox 2080 1842 2226 1913; x_wconf 91' lang='lat' dir='ltr'>De-</span> 
     </span>
     <span class='ocr_line' id='line_1_11' title="bbox 268 1956 2226 2054; baseline 0.001 -24"><span class='ocrx_word' id='word_1_61' title='bbox 268 1983 421 2030; x_wconf 89' lang='lat' dir='ltr'>cem</span> <span class='ocrx_word' id='word_1_62' title='bbox 455 1962 524 2030; x_wconf 85' lang='lat'>&amp;</span> <span class='ocrx_word' id='word_1_63' title='bbox 562 1956 681 2030; x_wconf 83' lang='lat' dir='ltr'>sex</span> <span class='ocrx_word' id='word_1_64' title='bbox 714 1956 935 2031; x_wconf 89' lang='lat' dir='ltr'>millia</span> <span class='ocrx_word' id='word_1_65' title='bbox 967 1958 1293 2054; x_wconf 90' lang='lat' dir='ltr'>peditum</span> <span class='ocrx_word' id='word_1_66' title='bbox 1327 1983 1522 2031; x_wconf 88' lang='lat' dir='ltr'>more</span> <span class='ocrx_word' id='word_1_67' title='bbox 1575 1959 2066 2032; x_wconf 89' lang='lat' dir='ltr'>Macedonum</span> <span class='ocrx_word' id='word_1_68' title='bbox 2119 1982 2226 2031; x_wconf 88' lang='lat' dir='ltr'>ar-</span> 
     </span>
     <span class='ocr_line' id='line_1_12' title="bbox 268 2075 2226 2175; baseline 0.002 -27"><span class='ocrx_word' id='word_1_69' title='bbox 268 2075 431 2149; x_wconf 87' lang='lat' dir='ltr'>mati</span> <span class='ocrx_word' id='word_1_70' title='bbox 468 2075 691 2163; x_wconf 86' lang='lat' dir='ltr'>fuere,</span> <span class='ocrx_word' id='word_1_71' title='bbox 740 2076 865 2175; x_wconf 88' lang='lat' dir='ltr'>qui</span> <span class='ocrx_word' id='word_1_72' title='bbox 901 2075 1339 2174; x_wconf 86' lang='lat' dir='ltr'>phalangitae</span> <span class='ocrx_word' id='word_1_73' title='bbox 1372 2078 1922 2174; x_wconf 87' lang='lat' dir='ltr'>adpellabantur.</span> <span class='ocrx_word' id='word_1_74' title='bbox 2020 2078 2226 2151; x_wconf 90' lang='lat' dir='ltr'>Haec</span> 
     </span>
     <span class='ocr_line' id='line_1_13' title="bbox 268 2194 2224 2292; baseline 0.002 -25"><span class='ocrx_word' id='word_1_75' title='bbox 268 2196 500 2269; x_wconf 80' lang='lat' dir='ltr'>media</span> <span class='ocrx_word' id='word_1_76' title='bbox 542 2194 725 2269; x_wconf 88' lang='lat' dir='ltr'>acies</span> <span class='ocrx_word' id='word_1_77' title='bbox 755 2194 891 2269; x_wconf 89' lang='lat' dir='ltr'>fuit</span> <span class='ocrx_word' id='word_1_78' title='bbox 926 2194 999 2267; x_wconf 88' lang='lat' dir='ltr'>in</span> <span class='ocrx_word' id='word_1_79' title='bbox 1030 2194 1279 2281; x_wconf 88' lang='lat' dir='ltr'>fronte,</span> <span class='ocrx_word' id='word_1_80' title='bbox 1329 2195 1403 2269; x_wconf 89' lang='lat' dir='ltr'>in</span> <span class='ocrx_word' id='word_1_81' title='bbox 1438 2196 1687 2269; x_wconf 88' lang='lat' dir='ltr'>decem</span> <span class='ocrx_word' id='word_1_82' title='bbox 1722 2216 1948 2292; x_wconf 86' lang='lat' dir='ltr'>partes</span> <span class='ocrx_word' id='word_1_83' title='bbox 1981 2194 2224 2270; x_wconf 85' lang='lat' dir='ltr'>divisa.</span> 
     </span>
     <span class='ocr_line' id='line_1_14' title="bbox 272 2312 2222 2412; baseline -0.001 -25"><span class='ocrx_word' id='word_1_84' title='bbox 272 2317 497 2387; x_wconf 87' lang='lat' dir='ltr'>Partes</span> <span class='ocrx_word' id='word_1_85' title='bbox 519 2340 635 2387; x_wconf 90' lang='lat' dir='ltr'>eas</span> <span class='ocrx_word' id='word_1_86' title='bbox 662 2312 1071 2409; x_wconf 68' lang='lat' dir='ltr'>interpositis</span> <span class='ocrx_word' id='word_1_87' title='bbox 1093 2313 1279 2388; x_wconf 87' lang='lat' dir='ltr'>binis</span> <span class='ocrx_word' id='word_1_88' title='bbox 1304 2313 1688 2412; x_wconf 87' lang='lat' dir='ltr'>elephantis</span> <span class='ocrx_word' id='word_1_89' title='bbox 1716 2313 2222 2412; x_wconf 82' lang='lat' dir='ltr'>distinguebat:</span> 
     </span>
     <span class='ocr_line' id='line_1_15' title="bbox 270 2430 2226 2532; baseline 0.003 -28"><span class='ocrx_word' id='word_1_90' title='bbox 270 2459 309 2504; x_wconf 88' lang='lat' dir='ltr'>a</span> <span class='ocrx_word' id='word_1_91' title='bbox 338 2432 565 2507; x_wconf 86' lang='lat' dir='ltr'>fronte</span> <span class='ocrx_word' id='word_1_92' title='bbox 600 2430 931 2506; x_wconf 87' lang='lat' dir='ltr'>introrsus</span> <span class='ocrx_word' id='word_1_93' title='bbox 968 2430 1041 2505; x_wconf 90' lang='lat' dir='ltr'>in</span> <span class='ocrx_word' id='word_1_94' title='bbox 1070 2433 1250 2507; x_wconf 91' lang='lat' dir='ltr'>duos</span> <span class='ocrx_word' id='word_1_95' title='bbox 1284 2437 1351 2507; x_wconf 75' lang='grc' dir='ltr'>ὅτ</span> <span class='ocrx_word' id='word_1_96' title='bbox 1386 2432 1671 2532; x_wconf 89' lang='lat' dir='ltr'>triginta</span> <span class='ocrx_word' id='word_1_97' title='bbox 1697 2432 1978 2507; x_wconf 88' lang='lat' dir='ltr'>ordines</span> <span class='ocrx_word' id='word_1_98' title='bbox 2007 2459 2226 2509; x_wconf 89' lang='lat' dir='ltr'>arma-</span> 
     </span>
     <span class='ocr_line' id='line_1_16' title="bbox 274 2551 2228 2651; baseline 0.002 -28"><span class='ocrx_word' id='word_1_99' title='bbox 274 2571 501 2625; x_wconf 89' lang='lat' dir='ltr'>torum</span> <span class='ocrx_word' id='word_1_100' title='bbox 530 2554 717 2626; x_wconf 88' lang='lat' dir='ltr'>acies</span> <span class='ocrx_word' id='word_1_101' title='bbox 748 2554 1051 2649; x_wconf 87' lang='lat' dir='ltr'>patebat.</span> <span class='ocrx_word' id='word_1_102' title='bbox 1150 2553 1323 2626; x_wconf 92' lang='lat' dir='ltr'>Hoc</span> <span class='ocrx_word' id='word_1_103' title='bbox 1359 2555 1426 2625; x_wconf 85' lang='lat'>&amp;</span> <span class='ocrx_word' id='word_1_104' title='bbox 1461 2551 1728 2625; x_wconf 89' lang='lat' dir='ltr'>roboris</span> <span class='ocrx_word' id='word_1_105' title='bbox 1755 2551 1830 2625; x_wconf 86' lang='lat' dir='ltr'>in</span> <span class='ocrx_word' id='word_1_106' title='bbox 1867 2551 2071 2651; x_wconf 89' lang='lat' dir='ltr'>regiis</span> <span class='ocrx_word' id='word_1_107' title='bbox 2110 2578 2228 2628; x_wconf 91' lang='lat' dir='ltr'>co-</span> 
     </span>
     <span class='ocr_line' id='line_1_17' title="bbox 273 2668 2226 2768; baseline 0.002 -25"><span class='ocrx_word' id='word_1_108' title='bbox 273 2669 397 2767; x_wconf 88' lang='lat' dir='ltr'>piis</span> <span class='ocrx_word' id='word_1_109' title='bbox 429 2693 602 2759; x_wconf 89' lang='lat' dir='ltr'>erat,</span> <span class='ocrx_word' id='word_1_110' title='bbox 650 2670 753 2757; x_wconf 74' lang='grc' dir='ltr'>ὅτ,</span> <span class='ocrx_word' id='word_1_111' title='bbox 798 2668 1088 2767; x_wconf 86' lang='lat' dir='ltr'>perinde</span> <span class='ocrx_word' id='word_1_112' title='bbox 1122 2696 1353 2768; x_wconf 89' lang='lat' dir='ltr'>quum</span> <span class='ocrx_word' id='word_1_113' title='bbox 1402 2669 1535 2744; x_wconf 84' lang='lat' dir='ltr'>alia</span> <span class='ocrx_word' id='word_1_114' title='bbox 1566 2670 1816 2768; x_wconf 89' lang='lat' dir='ltr'>specie,</span> <span class='ocrx_word' id='word_1_115' title='bbox 1863 2692 2021 2747; x_wconf 88' lang='lat' dir='ltr'>tum</span> <span class='ocrx_word' id='word_1_116' title='bbox 2051 2672 2226 2747; x_wconf 78' lang='lat' dir='ltr'>emi-</span> 
     </span>
     <span class='ocr_line' id='line_1_18' title="bbox 274 2787 2224 2891; baseline 0.003 -30"><span class='ocrx_word' id='word_1_117' title='bbox 274 2790 597 2865; x_wconf 87' lang='lat' dir='ltr'>nentibus</span> <span class='ocrx_word' id='word_1_118' title='bbox 628 2808 905 2865; x_wconf 87' lang='lat' dir='ltr'>tantum</span> <span class='ocrx_word' id='word_1_119' title='bbox 930 2787 1111 2863; x_wconf 87' lang='lat' dir='ltr'>inter</span> <span class='ocrx_word' id='word_1_120' title='bbox 1126 2811 1425 2867; x_wconf 84' lang='lat' dir='ltr'>armatos</span> <span class='ocrx_word' id='word_1_121' title='bbox 1444 2790 1852 2887; x_wconf 86' lang='lat' dir='ltr'>elephantis,</span> <span class='ocrx_word' id='word_1_122' title='bbox 1880 2818 2224 2891; x_wconf 87' lang='lat' dir='ltr'>magnum</span> 
     </span>
     <span class='ocr_line' id='line_1_19' title="bbox 276 2908 2228 3007; baseline 0.002 -26"><span class='ocrx_word' id='word_1_123' title='bbox 276 2928 601 2989; x_wconf 86' lang='lat' dir='ltr'>terrorem</span> <span class='ocrx_word' id='word_1_124' title='bbox 653 2910 1049 3006; x_wconf 82' lang='lat' dir='ltr'>praebebat.</span> <span class='ocrx_word' id='word_1_125' title='bbox 1149 2910 1477 3007; x_wconf 85' lang='lat' dir='ltr'>Ingentes</span> <span class='ocrx_word' id='word_1_126' title='bbox 1510 2908 1632 3005; x_wconf 88' lang='lat' dir='ltr'>ipfi</span> <span class='ocrx_word' id='word_1_127' title='bbox 1667 2932 1881 2985; x_wconf 89' lang='lat' dir='ltr'>erant.</span> <span class='ocrx_word' id='word_1_128' title='bbox 1980 2913 2228 2985; x_wconf 88' lang='lat' dir='ltr'>Adde-</span> 
     </span>
     <span class='ocr_line' id='line_1_20' title="bbox 276 3025 2228 3129; baseline 0.003 -30"><span class='ocrx_word' id='word_1_129' title='bbox 276 3028 431 3101; x_wconf 87' lang='lat' dir='ltr'>bant</span> <span class='ocrx_word' id='word_1_130' title='bbox 456 3026 766 3125; x_wconf 90' lang='lat' dir='ltr'>speciem</span> <span class='ocrx_word' id='word_1_131' title='bbox 794 3026 1139 3113; x_wconf 86' lang='lat' dir='ltr'>frontalia,</span> <span class='ocrx_word' id='word_1_132' title='bbox 1170 3030 1239 3099; x_wconf 76' lang='grc' dir='ltr'>ὅτ</span> <span class='ocrx_word' id='word_1_133' title='bbox 1267 3025 1530 3114; x_wconf 88' lang='lat' dir='ltr'>cristae,</span> <span class='ocrx_word' id='word_1_134' title='bbox 1562 3026 1638 3099; x_wconf 88' lang='lat'>&amp;</span> <span class='ocrx_word' id='word_1_135' title='bbox 1670 3049 1866 3129; x_wconf 90' lang='lat' dir='ltr'>tergo</span> <span class='ocrx_word' id='word_1_136' title='bbox 1899 3030 2228 3127; x_wconf 89' lang='lat' dir='ltr'>inpofitae</span> 
     </span>
     <span class='ocr_line' id='line_1_21' title="bbox 276 3144 2227 3246; baseline 0.003 -28"><span class='ocrx_word' id='word_1_137' title='bbox 276 3166 510 3235; x_wconf 73' lang='lat' dir='ltr'>turreS,</span> <span class='ocrx_word' id='word_1_138' title='bbox 565 3144 1017 3244; x_wconf 88' lang='lat' dir='ltr'>turribusque</span> <span class='ocrx_word' id='word_1_139' title='bbox 1050 3145 1527 3243; x_wconf 86' lang='lat' dir='ltr'>superstantes,</span> <span class='ocrx_word' id='word_1_140' title='bbox 1575 3170 1840 3246; x_wconf 89' lang='lat' dir='ltr'>praeter</span> <span class='ocrx_word' id='word_1_141' title='bbox 1863 3152 2227 3235; x_wconf 67' lang='lat' dir='ltr'>rectorem,</span> 
     </span>
     <span class='ocr_line' id='line_1_22' title="bbox 278 3264 2228 3366; baseline 0.001 -27"><span class='ocrx_word' id='word_1_142' title='bbox 278 3264 589 3361; x_wconf 88' lang='lat' dir='ltr'>quaterni</span> <span class='ocrx_word' id='word_1_143' title='bbox 643 3264 911 3345; x_wconf 87' lang='lat' dir='ltr'>armati.</span> <span class='ocrx_word' id='word_1_144' title='bbox 1012 3266 1137 3338; x_wconf 93' lang='lat' dir='ltr'>Ad</span> <span class='ocrx_word' id='word_1_145' title='bbox 1170 3264 1349 3339; x_wconf 90' lang='lat' dir='ltr'>latus</span> <span class='ocrx_word' id='word_1_146' title='bbox 1381 3267 1750 3341; x_wconf 86' lang='lat' dir='ltr'>dexterum</span> <span class='ocrx_word' id='word_1_147' title='bbox 1797 3267 2228 3366; x_wconf 84' lang='lat' dir='ltr'>phalangita-</span> 
     </span>
     <span class='ocr_line' id='line_1_23' title="bbox 275 3382 2228 3484; baseline 0.003 -27"><span class='ocrx_word' id='word_1_148' title='bbox 275 3408 423 3458; x_wconf 87' lang='lat' dir='ltr'>rum</span> <span class='ocrx_word' id='word_1_149' title='bbox 458 3384 659 3459; x_wconf 88' lang='lat' dir='ltr'>mille</span> <span class='ocrx_word' id='word_1_150' title='bbox 703 3389 772 3457; x_wconf 73' lang='grc' dir='ltr'>ὅτ</span> <span class='ocrx_word' id='word_1_151' title='bbox 820 3382 1249 3482; x_wconf 83' lang='lat' dir='ltr'>quingentos</span> <span class='ocrx_word' id='word_1_152' title='bbox 1300 3384 1574 3482; x_wconf 84' lang='lat' dir='ltr'>equites</span> <span class='ocrx_word' id='word_1_153' title='bbox 1609 3387 2228 3484; x_wconf 85' lang='lat' dir='ltr'>Gallograecorum</span> 
     </span>
     <span class='ocr_line' id='line_1_24' title="bbox 276 3502 2228 3604; baseline 0.003 -27"><span class='ocrx_word' id='word_1_154' title='bbox 276 3503 618 3602; x_wconf 88' lang='lat' dir='ltr'>obposuit.</span> <span class='ocrx_word' id='word_1_155' title='bbox 719 3503 865 3579; x_wconf 90' lang='lat' dir='ltr'>His</span> <span class='ocrx_word' id='word_1_156' title='bbox 929 3503 1060 3577; x_wconf 89' lang='lat' dir='ltr'>tria</span> <span class='ocrx_word' id='word_1_157' title='bbox 1112 3502 1335 3577; x_wconf 89' lang='lat' dir='ltr'>millia</span> <span class='ocrx_word' id='word_1_158' title='bbox 1389 3504 1714 3604; x_wconf 88' lang='lat' dir='ltr'>equitum</span> <span class='ocrx_word' id='word_1_159' title='bbox 1778 3502 2228 3583; x_wconf 87' lang='lat' dir='ltr'>loricatorum</span> 
     </span>
     <span class='ocr_line' id='line_1_25' title="bbox 282 3622 2229 3723; baseline 0.003 -27"><span class='ocrx_word' id='word_1_160' title='bbox 282 3625 779 3723; x_wconf 65' lang='lat' dir='ltr'>(cataphractos</span> <span class='ocrx_word' id='word_1_161' title='bbox 808 3622 927 3720; x_wconf 91' lang='lat' dir='ltr'>ipfi</span> <span class='ocrx_word' id='word_1_162' title='bbox 948 3623 1329 3719; x_wconf 86' lang='lat' dir='ltr'>adpellant)</span> <span class='ocrx_word' id='word_1_163' title='bbox 1368 3622 1714 3719; x_wconf 85' lang='lat' dir='ltr'>adjunxit.</span> <span class='ocrx_word' id='word_1_164' title='bbox 1813 3624 2089 3699; x_wconf 85' lang='lat' dir='ltr'>Addita</span> <span class='ocrx_word' id='word_1_165' title='bbox 2119 3625 2229 3703; x_wconf 86' lang='lat' dir='ltr'>his</span> 
     </span>
     <span class='ocr_line' id='line_1_26' title="bbox 278 3741 2227 3840; baseline 0.002 -24"><span class='ocrx_word' id='word_1_166' title='bbox 278 3745 371 3816; x_wconf 83' lang='lat' dir='ltr'>ala</span> <span class='ocrx_word' id='word_1_167' title='bbox 406 3742 609 3817; x_wconf 88' lang='lat' dir='ltr'>mille</span> <span class='ocrx_word' id='word_1_168' title='bbox 657 3741 873 3815; x_wconf 90' lang='lat' dir='ltr'>ferme</span> <span class='ocrx_word' id='word_1_169' title='bbox 918 3741 1286 3840; x_wconf 81' lang='lat' dir='ltr'>equitum:</span> <span class='ocrx_word' id='word_1_170' title='bbox 1370 3768 1618 3840; x_wconf 87' lang='lat' dir='ltr'>agema</span> <span class='ocrx_word' id='word_1_171' title='bbox 1651 3768 1809 3819; x_wconf 90' lang='lat' dir='ltr'>earn</span> <span class='ocrx_word' id='word_1_172' title='bbox 1857 3747 2227 3820; x_wconf 88' lang='lat' dir='ltr'>vocabant.</span> 
     </span>
     <span class='ocr_line' id='line_1_27' title="bbox 279 3860 2230 3960; baseline 0.001 -23"><span class='ocrx_word' id='word_1_173' title='bbox 279 3863 477 3937; x_wconf 88' lang='lat' dir='ltr'>Medi</span> <span class='ocrx_word' id='word_1_174' title='bbox 534 3881 733 3936; x_wconf 88' lang='lat' dir='ltr'>erant</span> <span class='ocrx_word' id='word_1_175' title='bbox 775 3860 937 3933; x_wconf 63' lang='lat' dir='ltr'>lecti</span> <span class='ocrx_word' id='word_1_176' title='bbox 970 3860 1128 3947; x_wconf 86' lang='lat' dir='ltr'>viri,</span> <span class='ocrx_word' id='word_1_177' title='bbox 1181 3862 1254 3933; x_wconf 88' lang='lat'>&amp;</span> <span class='ocrx_word' id='word_1_178' title='bbox 1314 3860 1626 3956; x_wconf 90' lang='lat' dir='ltr'>ejusdem</span> <span class='ocrx_word' id='word_1_179' title='bbox 1671 3861 1975 3960; x_wconf 87' lang='lat' dir='ltr'>regionis</span> <span class='ocrx_word' id='word_1_180' title='bbox 2021 3863 2230 3939; x_wconf 84' lang='lat' dir='ltr'>mixti</span> 
     </span>
     <span class='ocr_line' id='line_1_28' title="bbox 280 3978 2230 4082; baseline 0.002 -27"><span class='ocrx_word' id='word_1_181' title='bbox 280 3984 653 4055; x_wconf 85' lang='lat' dir='ltr'>multarum</span> <span class='ocrx_word' id='word_1_182' title='bbox 698 3978 1021 4077; x_wconf 86' lang='lat' dir='ltr'>gentium</span> <span class='ocrx_word' id='word_1_183' title='bbox 1074 3979 1371 4079; x_wconf 89' lang='lat' dir='ltr'>equites.</span> <span class='ocrx_word' id='word_1_184' title='bbox 1468 3980 1860 4057; x_wconf 90' lang='lat' dir='ltr'>Continens</span> <span class='ocrx_word' id='word_1_185' title='bbox 1909 3982 2019 4056; x_wconf 89' lang='lat' dir='ltr'>his</span> <span class='ocrx_word' id='word_1_186' title='bbox 2057 4010 2230 4082; x_wconf 84' lang='lat' dir='ltr'>grex</span> 
     </span>
     <span class='ocr_line' id='line_1_29' title="bbox 282 4097 2226 4199; baseline 0.003 -26"><span class='ocrx_word' id='word_1_187' title='bbox 282 4097 575 4177; x_wconf 86' lang='lat' dir='ltr'>sedecim</span> <span class='ocrx_word' id='word_1_188' title='bbox 628 4100 1161 4196; x_wconf 87' lang='lat' dir='ltr'>elephantorum</span> <span class='ocrx_word' id='word_1_189' title='bbox 1214 4100 1313 4175; x_wconf 89' lang='lat' dir='ltr'>est</span> <span class='ocrx_word' id='word_1_190' title='bbox 1356 4102 1712 4199; x_wconf 88' lang='lat' dir='ltr'>obpofitus</span> <span class='ocrx_word' id='word_1_191' title='bbox 1755 4101 1832 4176; x_wconf 89' lang='lat' dir='ltr'>in</span> <span class='ocrx_word' id='word_1_192' title='bbox 1865 4102 2176 4178; x_wconf 88' lang='lat' dir='ltr'>subfidiis</span> <span class='ocrx_word' id='word_1_193' title='bbox 2205 4135 2226 4178; x_wconf 76' lang='grc' dir='ltr'><strong><em>ε</em></strong></span> 
     </span>
    </p>
   </div>
  </div>
 </body>
</html>
