3100 5359
762 738 890 845 ,86
1475 732 2112 813 T.L1v11

792 912 1123 989 manibus
1168 938 1273 988 res
1318 910 1437 987 est.
1538 912 1884 987 Metuens
1916 908 2112 986 enim
2147 906 2433 998 Livius,
2485 930 2578 983 ne
2609 908 2766 985 suc·

792 1034 977 1109 cefl'u
1025 1051 1258 1106 tantae
1302 1030 1403 1105 rei
1456 1032 1678 1105 elatus
1711 1028 2188 1131 Polyxenidas
2219 1030 2534 1118 claffem,
2581 1050 2772 1129 quae

792 1154 885 1227 ad
928 1154 1155 1227 Canas
1189 1172 1359 1238 erat,
1412 1150 1869 1249 obprimeret,
1923 1150 2174 1250 Abydi
2207 1149 2576 1227 obsidione
2611 1147 2770 1225 cus-

792 1271 1131 1369 todiaque
1154 1268 1604 1369 Hellesponti
1634 1272 1993 1371 extemplo
2014 1270 2278 1360 relieta,
2309 1294 2550 1363 naves,
2583 1292 2772 1369 quae

792 1392 1183 1468 subductae
1242 1390 1457 1471 Can-is
1517 1411 1738 1480 erant,
1809 1389 2140 1467 deduxit.
2245 1386 2344 1465 Et
2406 1390 2776 1465 Eumenes

678 1570 683 1585 .
796 1512 1088 1587 Elaeam
1118 1510 1337 1585 venit.
1437 1508 1694 1586 Livius
1739 1510 1941 1585 omni
1989 1512 2216 1600 claffe,
2267 1510 2388 1586 cui
2421 1511 2776 1608 adjunxe-

793 1652 897 1707 rat
946 1631 1259 1706 triremes
1312 1630 1485 1705 duas
1540 1630 2039 1727 Mitylenaeaffi
2111 1633 2511 1706 Phocaeam
2569 1630 2775 1731 petit.

794 1756 1038 1854 Qam
1073 1774 1304 1849 quum
1336 1749 1556 1824 teneri
1591 1749 1828 1825 valido
1854 1750 2050 1851 regio
2079 1750 2416 1851 praesidio
2447 1752 2772 1841 audiffet‚

800 1898 929 1948 nec
965 1870 1215 1970 procul
1250 1868 1526 1944 Seleuci
1563 1870 1781 1945 castra
1824 1873 2004 1959 effe3
2059 1872 2532 1971 depopulatus
2561 1871 2774 1947 mari-

793 1990 1049 2067 timam
1074 2014 1295 2077 oram,
1349 1994 1418 2063 ὅτ
1453 1990 1708 2087 praeda
1747 1987 2059 2064 maxime
2097 1990 2481 2066 hominum
2515 1990 2776 2089 raptim

792 2112 873 2187 in
926 2136 1138 2185 naves
1190 2108 1518 2206 inposita,
1570 2128 1850 2183 tantum
1882 2131 2221 2199 moratus,
2274 2110 2458 2185 dum
2504 2112 2774 2185 Eume-

796 2258 922 2306 nes
949 2256 1122 2307 cum
1158 2231 1358 2306 claffe
1384 2228 1910 2327 adsequeretur,
1945 2232 2240 2305 Samum
2273 2252 2508 2331 petere
2541 2228 2775 2303 inten-

794 2350 926 2427 dit.
1028 2349 1334 2425 Rhodiis
1368 2348 1602 2447 primo
1633 2348 1877 2423 audita
1910 2350 2144 2423 clades
2175 2351 2376 2424 fimul
2410 2370 2776 2449 pavorem,

794 2473 999 2547 fimul
1081 2472 1360 2544 luctum
1431 2468 1798 2567 ingentem
1877 2467 2071 2544 fecit.
2189 2472 2414 2558 Nam,
2509 2486 2778 2569 praeter

795 2591 1092 2666 navium
1140 2586 1600 2685 militumque
1619 2588 1996 2685 jafi-uram,
2049 2590 2253 2687 quod
2303 2588 2521 2678 floris,
2571 2586 2779 2685 quod

794 2709 1065 2786 roboris
1099 2707 1572 2805 injuventute
1599 2706 1850 2796 fuerat,
1901 2706 2269 2783 amiserant
2289 2742 2313 2797 3
2367 2706 2612 2783 multis
2646 2732 2779 2783 no-

796 2828 1066 2905 bilibus
1088 2824 1342 2903 secutis
1370 2827 1551 2902 inter
1579 2846 1812 2903 cetera
1835 2826 2325 2903 auftoritatem
2357 2826 2778 2917 Pausistrati,

797 2972 981 3050 quae
1046 2948 1228 3023 inter
1288 2948 1448 3023 suos
1499 2946 1755 3023 merito
1819 2947 2132 3023 maxima
2195 2968 2360 3022 erat.
2462 2945 2778 3037 Deinde,

796 3070 999 3168 quod
1049 3067 1295 3143 fraude
1346 3067 1565 3169 capti,
1617 3068 1820 3165 quod
1873 3094 1916 3141 a
1969 3066 2124 3145 cive
2157 3067 2596 3167 potiffimum
2650 3064 2781 3143 suo

796 3188 1052 3278 forent,
1104 3186 1180 3261 in
1234 3186 1409 3262 iram
1461 3188 1698 3262 ludius
1748 3186 1980 3262 vertit.
2083 3188 2360 3263 Decem
2415 3190 2782 3287 extemplo

796 3333 1033 3398 naves,
1084 3312 1153 3383 δι
1188 3306 1443 3384 diebus
1471 3303 1630 3405 post
1660 3305 1907 3406 paucis
1939 3308 2190 3382 decem
2223 3306 2418 3398 alias,
2469 3308 2782 3409 praefec-

797 3450 874 3505 to
905 3428 1239 3504 omnium
1296 3430 1661 3516 Eudamo,
1713 3424 2094 3504 miserunt:
2147 3450 2397 3526 quem,
2447 3426 2602 3503 aliis
2635 3427 2780 3503 vir-

794 3548 1071 3624 tutibus
1114 3546 1387 3624 bellicis
1440 3550 2005 3647 haudquaquam
2052 3547 2463 3623 Paufistrato
2503 3568 2778 3647 parem,

796 3667 1214 3756 cautiorem,
1267 3692 1418 3765 quo
1470 3666 1714 3743 minus
1758 3666 1981 3743 animi
2033 3686 2206 3756 erat,
2258 3669 2522 3743 ducem
2575 3668 2779 3743 futu-

798 3810 961 3863 rum
995 3788 1403 3863 credebant.
1507 3785 1926 3862 Romani&
1956 3788 2319 3862 Eumenes
2347 3811 2476 3863 rex
2495 3786 2574 3861 in
2598 3780 2782 3888 Ery-

796 3912 1106 3984 thraeam
1141 3908 1460 4009 primum
1495 3910 1776 3983 claffem
1811 3908 2331 4007 adplicuerunt.
2433 3908 2550 3984 Ibi
2602 3929 2778 3984 noes

798 4050 944 4104 tem
978 4052 1196 4104 unam
1230 4030 1513 4118 morati,
1567 4028 1845 4127 postero
1879 4028 1998 4102 die
2031 4030 2395 4127 Corycum
2429 4029 2780 4126 Tejorum

796 4149 1369 4249 promontorium
1402 4165 1813 4225 tenuerunt.
1913 4147 2092 4223 Inde
2137 4166 2371 4248 quum
2413 4147 2494 4223 in
2535 4145 2784 4248 proti»
