<?xml version="1.0" encoding="UTF-8"?>
<!DOCTYPE html PUBLIC "-//W3C//DTD XHTML 1.0 Transitional//EN"
    "http://www.w3.org/TR/xhtml1/DTD/xhtml1-transitional.dtd">
<html xmlns="http://www.w3.org/1999/xhtml" xml:lang="en" lang="en">
 <head>
  <title>
</title>
<meta http-equiv="Content-Type" content="text/html;charset=utf-8" />
  <meta name='ocr-system' content='tesseract 3.04.00' />
  <meta name='ocr-capabilities' content='ocr_page ocr_carea ocr_par ocr_line ocrx_word'/>
</head>
<body>
  <div class='ocr_page' id='page_1' title='image "./tliviipatavinih01homegoog_0418.png"; bbox 0 0 3100 5359; ppageno 0'>
   <div class='ocr_carea' id='block_1_1' title="bbox 685 727 2027 830">
    <p class='ocr_par' dir='ltr' id='par_1_1' title="bbox 685 727 2027 830">
     <span class='ocr_line' id='line_1_1' title="bbox 685 727 2027 830; baseline -0.004 -21"><span class='ocrx_word' id='word_1_1' title='bbox 685 755 836 830; x_wconf 81' lang='lat'>410</span> <span class='ocrx_word' id='word_1_2' title='bbox 1391 727 2027 805; x_wconf 79' lang='lat' dir='ltr'>T.L1vrr</span> 
     </span>
    </p>
   </div>
   <div class='ocr_carea' id='block_1_2' title="bbox 698 923 2695 2117">
    <p class='ocr_par' dir='ltr' id='par_1_2' title="bbox 698 923 2695 2117">
     <span class='ocr_line' id='line_1_2' title="bbox 703 923 2685 1027; baseline -0.003 -18"><span class='ocrx_word' id='word_1_3' title='bbox 703 935 852 1009; x_wconf 87' lang='lat' dir='ltr'>Eos</span> <span class='ocrx_word' id='word_1_4' title='bbox 885 954 1134 1006; x_wconf 85' lang='lat' dir='ltr'>omnes</span> <span class='ocrx_word' id='word_1_5' title='bbox 1166 927 1488 1004; x_wconf 84' lang='lat' dir='ltr'>Romam</span> <span class='ocrx_word' id='word_1_6' title='bbox 1517 925 1789 1004; x_wconf 78' lang='lat' dir='ltr'>adduci</span> <span class='ocrx_word' id='word_1_7' title='bbox 1821 925 2126 1027; x_wconf 80' lang='lat' dir='ltr'>placuit:</span> <span class='ocrx_word' id='word_1_8' title='bbox 2164 923 2252 1002; x_wconf 90' lang='lat' dir='ltr'>C.</span> <span class='ocrx_word' id='word_1_9' title='bbox 2282 925 2685 1004; x_wconf 81' lang='lat' dir='ltr'>Claudium</span> 
     </span>
     <span class='ocr_line' id='line_1_3' title="bbox 698 1037 2683 1151; baseline -0.003 -25"><span class='ocrx_word' id='word_1_10' title='bbox 698 1071 1093 1151; x_wconf 83' lang='lat' dir='ltr'>praetorem</span> <span class='ocrx_word' id='word_1_11' title='bbox 1150 1037 1609 1149; x_wconf 83' lang='lat' dir='ltr'>cognoscere:</span> <span class='ocrx_word' id='word_1_12' title='bbox 1688 1071 1925 1147; x_wconf 87' lang='lat' dir='ltr'>neque</span> <span class='ocrx_word' id='word_1_13' title='bbox 1974 1067 2139 1122; x_wconf 85' lang='lat' dir='ltr'>ante</span> <span class='ocrx_word' id='word_1_14' title='bbox 2202 1045 2473 1122; x_wconf 85' lang='lat' dir='ltr'>Gentio</span> <span class='ocrx_word' id='word_1_15' title='bbox 2524 1049 2683 1147; x_wconf 79' lang='lat' dir='ltr'>regi</span> 
     </span>
     <span class='ocr_line' id='line_1_4' title="bbox 699 1165 2684 1273; baseline -0.003 -26"><span class='ocrx_word' id='word_1_16' title='bbox 699 1170 1030 1273; x_wconf 87' lang='lat' dir='ltr'>legatisve</span> <span class='ocrx_word' id='word_1_17' title='bbox 1099 1169 1250 1268; x_wconf 85' lang='lat' dir='ltr'>ejus</span> <span class='ocrx_word' id='word_1_18' title='bbox 1321 1165 1731 1269; x_wconf 88' lang='lat' dir='ltr'>responsum</span> <span class='ocrx_word' id='word_1_19' title='bbox 1800 1167 2032 1244; x_wconf 85' lang='lat' dir='ltr'><strong>reddi.</strong></span> <span class='ocrx_word' id='word_1_20' title='bbox 2155 1169 2349 1244; x_wconf 88' lang='lat' dir='ltr'>Inter</span> <span class='ocrx_word' id='word_1_21' title='bbox 2412 1168 2684 1242; x_wconf 72' lang='lat' dir='ltr'>multos</span> 
     </span>
     <span class='ocr_line' id='line_1_5' title="bbox 699 1285 2683 1389; baseline -0.002 -23"><span class='ocrx_word' id='word_1_22' title='bbox 699 1291 903 1379; x_wconf 78' lang='lat' dir='ltr'>alioS,</span> <span class='ocrx_word' id='word_1_23' title='bbox 939 1315 1124 1389; x_wconf 87' lang='lat' dir='ltr'>quos</span> <span class='ocrx_word' id='word_1_24' title='bbox 1155 1287 1555 1388; x_wconf 89' lang='lat' dir='ltr'>pestilentia</span> <span class='ocrx_word' id='word_1_25' title='bbox 1585 1289 1736 1385; x_wconf 83' lang='lat' dir='ltr'>ejus</span> <span class='ocrx_word' id='word_1_26' title='bbox 1776 1287 1947 1364; x_wconf 84' lang='lat' dir='ltr'>anni</span> <span class='ocrx_word' id='word_1_27' title='bbox 1980 1287 2337 1378; x_wconf 87' lang='lat' dir='ltr'>absumfit‚</span> <span class='ocrx_word' id='word_1_28' title='bbox 2368 1285 2683 1363; x_wconf 89' lang='lat' dir='ltr'>sacerdo·</span> 
     </span>
     <span class='ocr_line' id='line_1_6' title="bbox 703 1406 2695 1510; baseline -0.002 -23"><span class='ocrx_word' id='word_1_29' title='bbox 703 1435 806 1487; x_wconf 83' lang='lat' dir='ltr'>tes</span> <span class='ocrx_word' id='word_1_30' title='bbox 867 1435 1163 1510; x_wconf 89' lang='lat' dir='ltr'>quoque</span> <span class='ocrx_word' id='word_1_31' title='bbox 1221 1408 1500 1509; x_wconf 85' lang='lat' dir='ltr'>aliquot</span> <span class='ocrx_word' id='word_1_32' title='bbox 1561 1409 1831 1486; x_wconf 86' lang='lat' dir='ltr'>mortui</span> <span class='ocrx_word' id='word_1_33' title='bbox 1898 1407 2086 1484; x_wconf 84' lang='lat' dir='ltr'>sunt.</span> <span class='ocrx_word' id='word_1_34' title='bbox 2220 1411 2317 1485; x_wconf 90' lang='lat' dir='ltr'>L.</span> <span class='ocrx_word' id='word_1_35' title='bbox 2366 1406 2695 1484; x_wconf 79' lang='lat' dir='ltr'>Valerius</span> 
     </span>
     <span class='ocr_line' id='line_1_7' title="bbox 703 1529 2685 1632; baseline 0 -24"><span class='ocrx_word' id='word_1_36' title='bbox 703 1531 1000 1608; x_wconf 89' lang='lat' dir='ltr'>Flaccus</span> <span class='ocrx_word' id='word_1_37' title='bbox 1025 1529 1354 1632; x_wconf 82' lang='lat' dir='ltr'>pontifex</span> <span class='ocrx_word' id='word_1_38' title='bbox 1387 1553 1719 1608; x_wconf 82' lang='lat' dir='ltr'>mortuus</span> <span class='ocrx_word' id='word_1_39' title='bbox 1752 1531 1897 1608; x_wconf 82' lang='lat' dir='ltr'>est:</span> <span class='ocrx_word' id='word_1_40' title='bbox 1950 1531 2029 1606; x_wconf 90' lang='lat' dir='ltr'>in</span> <span class='ocrx_word' id='word_1_41' title='bbox 2061 1533 2212 1631; x_wconf 85' lang='lat' dir='ltr'>ejus</span> <span class='ocrx_word' id='word_1_42' title='bbox 2244 1532 2491 1608; x_wconf 88' lang='lat' dir='ltr'>locum</span> <span class='ocrx_word' id='word_1_43' title='bbox 2516 1531 2685 1608; x_wconf 86' lang='lat' dir='ltr'>sub-</span> 
     </span>
     <span class='ocr_line' id='line_1_8' title="bbox 702 1649 2689 1754; baseline -0.003 -23"><span class='ocrx_word' id='word_1_44' title='bbox 702 1654 932 1731; x_wconf 65' lang='lat' dir='ltr'>fectus</span> <span class='ocrx_word' id='word_1_45' title='bbox 967 1651 1068 1728; x_wconf 92' lang='lat' dir='ltr'>est</span> <span class='ocrx_word' id='word_1_46' title='bbox 1093 1656 1210 1754; x_wconf 98' lang='lat' dir='ltr'>Q</span> <span class='ocrx_word' id='word_1_47' title='bbox 1229 1653 1500 1729; x_wconf 85' lang='lat' dir='ltr'>Fabius</span> <span class='ocrx_word' id='word_1_48' title='bbox 1531 1649 1801 1728; x_wconf 80' lang='lat' dir='ltr'>Labeo·</span> <span class='ocrx_word' id='word_1_49' title='bbox 1884 1653 1971 1728; x_wconf 89' lang='grc' dir='ltr'>Ρ.</span> <span class='ocrx_word' id='word_1_50' title='bbox 2002 1652 2359 1743; x_wconf 75' lang='lat' dir='ltr'>ManliuS‚</span> <span class='ocrx_word' id='word_1_51' title='bbox 2392 1651 2523 1753; x_wconf 90' lang='lat' dir='ltr'>qui</span> <span class='ocrx_word' id='word_1_52' title='bbox 2550 1676 2689 1726; x_wconf 88' lang='lat' dir='ltr'>nu-</span> 
     </span>
     <span class='ocr_line' id='line_1_9' title="bbox 703 1771 2686 1876; baseline -0.001 -26"><span class='ocrx_word' id='word_1_53' title='bbox 703 1800 832 1876; x_wconf 89' lang='lat' dir='ltr'>per</span> <span class='ocrx_word' id='word_1_54' title='bbox 859 1799 948 1850; x_wconf 85' lang='lat' dir='ltr'>ex</span> <span class='ocrx_word' id='word_1_55' title='bbox 983 1773 1315 1848; x_wconf 88' lang='lat' dir='ltr'>ulteriore</span> <span class='ocrx_word' id='word_1_56' title='bbox 1341 1771 1697 1874; x_wconf 81' lang='lat' dir='ltr'>Hispania</span> <span class='ocrx_word' id='word_1_57' title='bbox 1720 1772 2047 1862; x_wconf 82' lang='lat' dir='ltr'>redierat,</span> <span class='ocrx_word' id='word_1_58' title='bbox 2076 1773 2411 1850; x_wconf 82' lang='lat' dir='ltr'>triumvir</span> <span class='ocrx_word' id='word_1_59' title='bbox 2430 1774 2686 1873; x_wconf 82' lang='lat' dir='ltr'>epulo:</span> 
     </span>
     <span class='ocr_line' id='line_1_10' title="bbox 703 1892 2688 1998; baseline -0.001 -29"><span class='ocrx_word' id='word_1_60' title='bbox 703 1895 902 1998; x_wconf 94' lang='lat' dir='ltr'>QF</span> <span class='ocrx_word' id='word_1_61' title='bbox 905 1893 1140 1970; x_wconf 85' lang='lat' dir='ltr'>ulvius</span> <span class='ocrx_word' id='word_1_62' title='bbox 1189 1895 1307 1969; x_wconf 90' lang='lat' dir='ltr'>M.</span> <span class='ocrx_word' id='word_1_63' title='bbox 1335 1893 1422 1968; x_wconf 90' lang='lat' dir='ltr'>F.</span> <span class='ocrx_word' id='word_1_64' title='bbox 1456 1892 1536 1968; x_wconf 91' lang='lat' dir='ltr'>in</span> <span class='ocrx_word' id='word_1_65' title='bbox 1568 1895 1815 1969; x_wconf 86' lang='lat' dir='ltr'>locum</span> <span class='ocrx_word' id='word_1_66' title='bbox 1850 1893 1999 1991; x_wconf 86' lang='lat' dir='ltr'>ejus</span> <span class='ocrx_word' id='word_1_67' title='bbox 2032 1893 2367 1970; x_wconf 84' lang='lat' dir='ltr'>triumvir</span> <span class='ocrx_word' id='word_1_68' title='bbox 2398 1913 2688 1992; x_wconf 88' lang='lat' dir='ltr'>coopta-</span> 
     </span>
     <span class='ocr_line' id='line_1_11' title="bbox 705 2013 2691 2117; baseline -0.003 -24"><span class='ocrx_word' id='word_1_69' title='bbox 705 2039 850 2105; x_wconf 77' lang='grc' dir='ltr'>ωε,</span> <span class='ocrx_word' id='word_1_70' title='bbox 928 2034 1088 2091; x_wconf 89' lang='lat' dir='ltr'>tum</span> <span class='ocrx_word' id='word_1_71' title='bbox 1139 2033 1616 2114; x_wconf 83' lang='lat' dir='ltr'>praetextatus</span> <span class='ocrx_word' id='word_1_72' title='bbox 1666 2035 1835 2090; x_wconf 84' lang='lat' dir='ltr'>erat.</span> <span class='ocrx_word' id='word_1_73' title='bbox 1964 2015 2080 2090; x_wconf 91' lang='lat' dir='ltr'>De</span> <span class='ocrx_word' id='word_1_74' title='bbox 2143 2041 2309 2117; x_wconf 88' lang='lat' dir='ltr'>rege</span> <span class='ocrx_word' id='word_1_75' title='bbox 2370 2013 2691 2091; x_wconf 88' lang='lat' dir='ltr'>sacrifico</span> 
     </span>
    </p>
   </div>
   <div class='ocr_carea' id='block_1_3' title="bbox 709 2133 2718 4276">
    <p class='ocr_par' dir='ltr' id='par_1_3' title="bbox 709 2133 2718 4276">
     <span class='ocr_line' id='line_1_12' title="bbox 709 2133 2685 2219; baseline -0.002 -8"><span class='ocrx_word' id='word_1_76' title='bbox 709 2133 1158 2211; x_wconf 88' lang='lat' dir='ltr'>subficiendo</span> <span class='ocrx_word' id='word_1_77' title='bbox 1187 2133 1264 2208; x_wconf 90' lang='lat' dir='ltr'>in</span> <span class='ocrx_word' id='word_1_78' title='bbox 1285 2133 1530 2219; x_wconf 82' lang='lat' dir='ltr'>locum</span> <span class='ocrx_word' id='word_1_79' title='bbox 1551 2135 1692 2210; x_wconf 90' lang='lat' dir='ltr'>Cn.</span> <span class='ocrx_word' id='word_1_80' title='bbox 1718 2133 2037 2212; x_wconf 83' lang='lat' dir='ltr'>Cornelii</span> <span class='ocrx_word' id='word_1_81' title='bbox 2072 2135 2491 2212; x_wconf 88' lang='lat' dir='ltr'>Dolabellae</span> <span class='ocrx_word' id='word_1_82' title='bbox 2514 2159 2685 2209; x_wconf 87' lang='lat' dir='ltr'>oon·</span> 
     </span>
     <span class='ocr_line' id='line_1_13' title="bbox 711 2250 2697 2350; baseline -0.001 -23"><span class='ocrx_word' id='word_1_83' title='bbox 711 2251 938 2328; x_wconf 89' lang='lat' dir='ltr'>tentio</span> <span class='ocrx_word' id='word_1_84' title='bbox 995 2251 1180 2327; x_wconf 89' lang='lat' dir='ltr'>inter</span> <span class='ocrx_word' id='word_1_85' title='bbox 1237 2252 1326 2328; x_wconf 91' lang='lat' dir='ltr'>C.</span> <span class='ocrx_word' id='word_1_86' title='bbox 1387 2250 1767 2327; x_wconf 87' lang='lat' dir='ltr'>Servilium</span> <span class='ocrx_word' id='word_1_87' title='bbox 1817 2251 2239 2350; x_wconf 86' lang='lat' dir='ltr'>pontificem</span> <span class='ocrx_word' id='word_1_88' title='bbox 2288 2251 2697 2329; x_wconf 82' lang='lat' dir='ltr'>maximum</span> 
     </span>
     <span class='ocr_line' id='line_1_14' title="bbox 711 2371 2696 2450; baseline -0.001 0"><span class='ocrx_word' id='word_1_89' title='bbox 711 2373 852 2450; x_wconf 90' lang='lat' dir='ltr'>fuit</span> <span class='ocrx_word' id='word_1_90' title='bbox 883 2373 958 2447; x_wconf 85' lang='lat'>&amp;</span> <span class='ocrx_word' id='word_1_91' title='bbox 985 2375 1082 2449; x_wconf 89' lang='lat' dir='ltr'>L.</span> <span class='ocrx_word' id='word_1_92' title='bbox 1116 2371 1538 2450; x_wconf 88' lang='lat' dir='ltr'>Cornelium</span> <span class='ocrx_word' id='word_1_93' title='bbox 1568 2373 2023 2450; x_wconf 86' lang='lat' dir='ltr'>Dolabellam</span> <span class='ocrx_word' id='word_1_94' title='bbox 2056 2373 2534 2450; x_wconf 84' lang='lat' dir='ltr'>duumvirum</span> <span class='ocrx_word' id='word_1_95' title='bbox 2572 2398 2696 2448; x_wconf 85' lang='lat' dir='ltr'>na—</span> 
     </span>
     <span class='ocr_line' id='line_1_15' title="bbox 709 2493 2698 2597; baseline -0.001 -27"><span class='ocrx_word' id='word_1_96' title='bbox 709 2499 982 2583; x_wconf 83' lang='lat' dir='ltr'>valem3</span> <span class='ocrx_word' id='word_1_97' title='bbox 1019 2520 1270 2594; x_wconf 91' lang='lat' dir='ltr'>quem,</span> <span class='ocrx_word' id='word_1_98' title='bbox 1303 2515 1390 2569; x_wconf 89' lang='lat' dir='ltr'>ut</span> <span class='ocrx_word' id='word_1_99' title='bbox 1423 2493 1901 2596; x_wconf 84' lang='lat' dir='ltr'>inauguraret,</span> <span class='ocrx_word' id='word_1_100' title='bbox 1930 2495 2262 2594; x_wconf 83' lang='lat' dir='ltr'>pontifex</span> <span class='ocrx_word' id='word_1_101' title='bbox 2286 2493 2698 2597; x_wconf 84' lang='lat' dir='ltr'>magistratu</span> 
     </span>
     <span class='ocr_line' id='line_1_16' title="bbox 715 2614 2698 2718; baseline -0.002 -25"><span class='ocrx_word' id='word_1_102' title='bbox 715 2615 852 2693; x_wconf 80' lang='lat' dir='ltr'>sese</span> <span class='ocrx_word' id='word_1_103' title='bbox 911 2615 1240 2691; x_wconf 86' lang='lat' dir='ltr'>abdicare</span> <span class='ocrx_word' id='word_1_104' title='bbox 1296 2614 1627 2712; x_wconf 88' lang='lat' dir='ltr'>jubebat.</span> <span class='ocrx_word' id='word_1_105' title='bbox 1727 2615 2265 2718; x_wconf 87' lang='lat' dir='ltr'>Recusantique</span> <span class='ocrx_word' id='word_1_106' title='bbox 2324 2617 2407 2692; x_wconf 88' lang='lat' dir='ltr'>id</span> <span class='ocrx_word' id='word_1_107' title='bbox 2466 2614 2698 2691; x_wconf 88' lang='lat' dir='ltr'>facere</span> 
     </span>
     <span class='ocr_line' id='line_1_17' title="bbox 711 2736 2697 2838; baseline -0.002 -24"><span class='ocrx_word' id='word_1_108' title='bbox 711 2741 812 2814; x_wconf 94' lang='lat' dir='ltr'>ob</span> <span class='ocrx_word' id='word_1_109' title='bbox 861 2759 1019 2812; x_wconf 90' lang='lat' dir='ltr'>eam</span> <span class='ocrx_word' id='word_1_110' title='bbox 1069 2761 1222 2812; x_wconf 90' lang='lat' dir='ltr'>rem</span> <span class='ocrx_word' id='word_1_111' title='bbox 1255 2737 1488 2811; x_wconf 86' lang='lat' dir='ltr'>multa</span> <span class='ocrx_word' id='word_1_112' title='bbox 1535 2737 1933 2812; x_wconf 83' lang='lat' dir='ltr'>duumviro</span> <span class='ocrx_word' id='word_1_113' title='bbox 1980 2737 2175 2814; x_wconf 62' lang='lat' dir='ltr'>dicta</span> <span class='ocrx_word' id='word_1_114' title='bbox 2219 2764 2261 2814; x_wconf 91' lang='lat' dir='ltr'>a</span> <span class='ocrx_word' id='word_1_115' title='bbox 2308 2736 2651 2838; x_wconf 88' lang='lat' dir='ltr'>pontifice</span> <span class='ocrx_word' id='word_1_116' title='bbox 2668 2768 2697 2824; x_wconf 79' lang='lat'>3</span> 
     </span>
     <span class='ocr_line' id='line_1_18' title="bbox 711 2859 2698 2960; baseline -0.002 -24"><span class='ocrx_word' id='word_1_117' title='bbox 711 2861 952 2960; x_wconf 88' lang='lat' dir='ltr'>deque</span> <span class='ocrx_word' id='word_1_118' title='bbox 1003 2883 1112 2947; x_wconf 88' lang='lat' dir='ltr'>ea,</span> <span class='ocrx_word' id='word_1_119' title='bbox 1163 2883 1400 2957; x_wconf 86' lang='lat' dir='ltr'>quum</span> <span class='ocrx_word' id='word_1_120' title='bbox 1432 2859 1893 2958; x_wconf 72' lang='lat' dir='ltr'>provomss&#39;et,</span> <span class='ocrx_word' id='word_1_121' title='bbox 1944 2879 2292 2936; x_wconf 82' lang='lat' dir='ltr'>certatum</span> <span class='ocrx_word' id='word_1_122' title='bbox 2341 2861 2431 2936; x_wconf 88' lang='lat' dir='ltr'>ad</span> <span class='ocrx_word' id='word_1_123' title='bbox 2462 2883 2698 2958; x_wconf 87' lang='lat' dir='ltr'>popu·</span> 
     </span>
     <span class='ocr_line' id='line_1_19' title="bbox 715 2975 2701 3079; baseline -0.002 -25"><span class='ocrx_word' id='word_1_124' title='bbox 715 2981 896 3054; x_wconf 86' lang='lat' dir='ltr'>lum.</span> <span class='ocrx_word' id='word_1_125' title='bbox 994 2979 1255 3079; x_wconf 84' lang='lat' dir='ltr'>Qum</span> <span class='ocrx_word' id='word_1_126' title='bbox 1315 2977 1552 3076; x_wconf 88' lang='lat' dir='ltr'>plures</span> <span class='ocrx_word' id='word_1_127' title='bbox 1606 2977 1760 3073; x_wconf 82' lang='lat' dir='ltr'>jam</span> <span class='ocrx_word' id='word_1_128' title='bbox 1808 2975 2067 3066; x_wconf 74' lang='lat' dir='ltr'>tribua,</span> <span class='ocrx_word' id='word_1_129' title='bbox 2140 2976 2328 3053; x_wconf 86' lang='lat' dir='ltr'>intro</span> <span class='ocrx_word' id='word_1_130' title='bbox 2382 2997 2701 3065; x_wconf 83' lang='lat' dir='ltr'>vocatae,</span> 
     </span>
     <span class='ocr_line' id='line_1_20' title="bbox 715 3096 2695 3197; baseline -0.001 -22"><span class='ocrx_word' id='word_1_131' title='bbox 715 3099 914 3176; x_wconf 70' lang='lat' dir='ltr'>dicto</span> <span class='ocrx_word' id='word_1_132' title='bbox 947 3100 1081 3172; x_wconf 79' lang='lat' dir='ltr'>effe</span> <span class='ocrx_word' id='word_1_133' title='bbox 1114 3096 1532 3172; x_wconf 84' lang='lat' dir='ltr'>audientem</span> <span class='ocrx_word' id='word_1_134' title='bbox 1577 3097 1911 3197; x_wconf 87' lang='lat' dir='ltr'>pontifici</span> <span class='ocrx_word' id='word_1_135' title='bbox 1940 3098 2444 3190; x_wconf 87' lang='lat' dir='ltr'>duumvirum,</span> <span class='ocrx_word' id='word_1_136' title='bbox 2480 3098 2695 3197; x_wconf 85' lang='lat' dir='ltr'>jube-</span> 
     </span>
     <span class='ocr_line' id='line_1_21' title="bbox 717 3215 2697 3318; baseline -0.001 -26"><span class='ocrx_word' id='word_1_137' title='bbox 717 3236 918 3305; x_wconf 87' lang='lat' dir='ltr'>rent3</span> <span class='ocrx_word' id='word_1_138' title='bbox 971 3217 1422 3315; x_wconf 86' lang='lat' dir='ltr'>multamque</span> <span class='ocrx_word' id='word_1_139' title='bbox 1469 3215 1771 3306; x_wconf 88' lang='lat' dir='ltr'>remitti,</span> <span class='ocrx_word' id='word_1_140' title='bbox 1820 3217 1869 3292; x_wconf 89' lang='lat' dir='ltr'>fi</span> <span class='ocrx_word' id='word_1_141' title='bbox 1920 3215 2330 3318; x_wconf 89' lang='lat' dir='ltr'>magistratu</span> <span class='ocrx_word' id='word_1_142' title='bbox 2382 3217 2450 3292; x_wconf 91' lang='lat' dir='ltr'>se</span> <span class='ocrx_word' id='word_1_143' title='bbox 2494 3217 2697 3294; x_wconf 85' lang='lat' dir='ltr'>abdi-</span> 
     </span>
     <span class='ocr_line' id='line_1_22' title="bbox 717 3336 2701 3437; baseline 0 -22"><span class='ocrx_word' id='word_1_144' title='bbox 717 3339 964 3426; x_wconf 76' lang='lat' dir='ltr'>cafl&#39;et3</span> <span class='ocrx_word' id='word_1_145' title='bbox 1035 3336 1384 3413; x_wconf 88' lang='lat' dir='ltr'>ultimum</span> <span class='ocrx_word' id='word_1_146' title='bbox 1431 3338 1524 3412; x_wconf 90' lang='lat' dir='ltr'>de</span> <span class='ocrx_word' id='word_1_147' title='bbox 1574 3340 1805 3426; x_wconf 89' lang='lat' dir='ltr'>coelo,</span> <span class='ocrx_word' id='word_1_148' title='bbox 1856 3339 2064 3437; x_wconf 87' lang='lat' dir='ltr'>quod</span> <span class='ocrx_word' id='word_1_149' title='bbox 2111 3336 2407 3415; x_wconf 87' lang='lat' dir='ltr'>comitia</span> <span class='ocrx_word' id='word_1_150' title='bbox 2450 3341 2701 3415; x_wconf 65' lang='lat' dir='ltr'>turba-</span> 
     </span>
     <span class='ocr_line' id='line_1_23' title="bbox 719 3455 2701 3559; baseline 0.003 -27"><span class='ocrx_word' id='word_1_151' title='bbox 719 3477 851 3546; x_wconf 92' lang='lat' dir='ltr'>ret,</span> <span class='ocrx_word' id='word_1_152' title='bbox 919 3455 1321 3533; x_wconf 85' lang='lat' dir='ltr'>intervenit.</span> <span class='ocrx_word' id='word_1_153' title='bbox 1420 3456 1717 3558; x_wconf 87' lang='lat' dir='ltr'>Religio</span> <span class='ocrx_word' id='word_1_154' title='bbox 1778 3457 1951 3534; x_wconf 89' lang='lat' dir='ltr'>inde</span> <span class='ocrx_word' id='word_1_155' title='bbox 2018 3457 2162 3535; x_wconf 88' lang='lat' dir='ltr'>fuit</span> <span class='ocrx_word' id='word_1_156' title='bbox 2230 3459 2701 3559; x_wconf 87' lang='lat' dir='ltr'>pontificibus</span> 
     </span>
     <span class='ocr_line' id='line_1_24' title="bbox 720 3578 2699 3678; baseline 0.005 -26"><span class='ocrx_word' id='word_1_157' title='bbox 720 3578 1202 3678; x_wconf 86' lang='lat' dir='ltr'>inaugurandi</span> <span class='ocrx_word' id='word_1_158' title='bbox 1271 3579 1712 3656; x_wconf 87' lang='lat' dir='ltr'>Dolabellae.</span> <span class='ocrx_word' id='word_1_159' title='bbox 1812 3579 1897 3654; x_wconf 91' lang='lat' dir='ltr'>P.</span> <span class='ocrx_word' id='word_1_160' title='bbox 1951 3580 2318 3657; x_wconf 88' lang='lat' dir='ltr'>Cloelium</span> <span class='ocrx_word' id='word_1_161' title='bbox 2364 3582 2699 3660; x_wconf 88' lang='lat' dir='ltr'>Siculum</span> 
     </span>
     <span class='ocr_line' id='line_1_25' title="bbox 721 3699 2705 3804; baseline 0.004 -28"><span class='ocrx_word' id='word_1_162' title='bbox 721 3699 1264 3798; x_wconf 88' lang='lat' dir='ltr'>inaugurarunt,</span> <span class='ocrx_word' id='word_1_163' title='bbox 1316 3701 1446 3802; x_wconf 89' lang='lat' dir='ltr'>qui</span> <span class='ocrx_word' id='word_1_164' title='bbox 1480 3702 1795 3778; x_wconf 91' lang='lat' dir='ltr'>secundo</span> <span class='ocrx_word' id='word_1_165' title='bbox 1838 3701 2002 3776; x_wconf 89' lang='lat' dir='ltr'>loco</span> <span class='ocrx_word' id='word_1_166' title='bbox 2042 3701 2507 3804; x_wconf 84' lang='lat' dir='ltr'>inauguratus</span> <span class='ocrx_word' id='word_1_167' title='bbox 2532 3727 2705 3784; x_wconf 89' lang='lat' dir='ltr'>erat.</span> 
     </span>
     <span class='ocr_line' id='line_1_26' title="bbox 726 3816 2705 3924; baseline 0.004 -30"><span class='ocrx_word' id='word_1_168' title='bbox 726 3817 954 3894; x_wconf 81' lang='lat' dir='ltr'>Exitu</span> <span class='ocrx_word' id='word_1_169' title='bbox 1023 3816 1194 3892; x_wconf 87' lang='lat' dir='ltr'>anni</span> <span class='ocrx_word' id='word_1_170' title='bbox 1262 3824 1331 3894; x_wconf 73' lang='grc' dir='ltr'>ὅτ</span> <span class='ocrx_word' id='word_1_171' title='bbox 1401 3821 1490 3896; x_wconf 90' lang='lat' dir='ltr'>C.</span> <span class='ocrx_word' id='word_1_172' title='bbox 1539 3819 1878 3896; x_wconf 83' lang='lat' dir='ltr'>Servilius</span> <span class='ocrx_word' id='word_1_173' title='bbox 1947 3821 2305 3897; x_wconf 84' lang='lat' dir='ltr'>Geminus</span> <span class='ocrx_word' id='word_1_174' title='bbox 2372 3824 2705 3924; x_wconf 82' lang='lat' dir='ltr'>pontifex</span> 
     </span>
     <span class='ocr_line' id='line_1_27' title="bbox 726 3934 2703 4021; baseline 0.006 -11"><span class='ocrx_word' id='word_1_175' title='bbox 726 3934 1090 4014; x_wconf 85' lang='lat' dir='ltr'>maximus</span> <span class='ocrx_word' id='word_1_176' title='bbox 1133 3936 1447 4012; x_wconf 83' lang='lat' dir='ltr'>deceffit:</span> <span class='ocrx_word' id='word_1_177' title='bbox 1499 3937 1699 4013; x_wconf 89' lang='lat' dir='ltr'>idem</span> <span class='ocrx_word' id='word_1_178' title='bbox 1733 3937 2099 4013; x_wconf 81' lang='lat' dir='ltr'>decemvir</span> <span class='ocrx_word' id='word_1_179' title='bbox 2135 3938 2491 4018; x_wconf 85' lang='lat' dir='ltr'>sacrorum</span> <span class='ocrx_word' id='word_1_180' title='bbox 2536 3942 2703 4021; x_wconf 89' lang='lat' dir='ltr'>fuit.</span> 
     </span>
     <span class='ocr_line' id='line_1_28' title="bbox 729 4049 2718 4164; baseline 0.005 -38"><span class='ocrx_word' id='word_1_181' title='bbox 729 4050 1067 4127; x_wconf 83' lang='lat' dir='ltr'>Pontifex</span> <span class='ocrx_word' id='word_1_182' title='bbox 1101 4049 1178 4128; x_wconf 89' lang='lat' dir='ltr'>in</span> <span class='ocrx_word' id='word_1_183' title='bbox 1211 4054 1455 4130; x_wconf 89' lang='lat' dir='ltr'>locum</span> <span class='ocrx_word' id='word_1_184' title='bbox 1487 4055 1639 4153; x_wconf 78' lang='lat' dir='ltr'>ejus</span> <span class='ocrx_word' id='word_1_185' title='bbox 1662 4081 1705 4129; x_wconf 89' lang='lat' dir='ltr'>a</span> <span class='ocrx_word' id='word_1_186' title='bbox 1729 4053 2037 4154; x_wconf 86' lang='lat' dir='ltr'>collegio</span> <span class='ocrx_word' id='word_1_187' title='bbox 2061 4077 2435 4157; x_wconf 84' lang='lat' dir='ltr'>cooptatus</span> <span class='ocrx_word' id='word_1_188' title='bbox 2467 4059 2568 4135; x_wconf 91' lang='lat' dir='ltr'>est</span> <span class='ocrx_word' id='word_1_189' title='bbox 2598 4065 2718 4164; x_wconf 93' lang='lat' dir='ltr'>Q</span> 
     </span>
     <span class='ocr_line' id='line_1_29' title="bbox 729 4173 2711 4276; baseline 0.003 -26"><span class='ocrx_word' id='word_1_190' title='bbox 729 4173 1030 4250; x_wconf 87' lang='lat' dir='ltr'>Fulvius</span> <span class='ocrx_word' id='word_1_191' title='bbox 1075 4174 1138 4250; x_wconf 91' lang='lat' dir='ltr'><strong>F</strong></span> <span class='ocrx_word' id='word_1_192' title='bbox 1139 4175 1419 4252; x_wconf 67' lang='lat' dir='ltr'>lacense</span> <span class='ocrx_word' id='word_1_193' title='bbox 1481 4195 1555 4252; x_wconf 86' lang='lat' dir='ltr'>at</span> <span class='ocrx_word' id='word_1_194' title='bbox 1600 4173 1929 4276; x_wconf 87' lang='lat' dir='ltr'>pontifex</span> <span class='ocrx_word' id='word_1_195' title='bbox 1977 4177 2337 4256; x_wconf 82' lang='lat' dir='ltr'>maximus</span> <span class='ocrx_word' id='word_1_196' title='bbox 2380 4182 2500 4258; x_wconf 91' lang='grc' dir='ltr'>Μ.</span> <span class='ocrx_word' id='word_1_197' title='bbox 2554 4187 2711 4260; x_wconf 81' lang='lat' dir='ltr'>Ae-</span> 
     </span>
    </p>
   </div>
  </div>
 </body>
</html>
