3100 5359
816 733 891 804 L
944 758 971 805 1
1036 758 1077 807 n
1134 758 1177 809 ε
1233 758 1280 807 R
1383 738 1771 813 XXXVII.
2141 768 2272 843 1-47

326 914 615 1004 “atque
650 904 925 1007 inpigre
969 908 1341 986 vobiscum
1392 911 1602 1000 stetit,
1655 938 1799 987 non
1846 913 1920 989 in
1965 918 2270 1014 patrium

326 1036 372 1069 “
402 1024 629 1101 solum
664 1052 966 1125 regnum
1018 1028 1424 1119 restituistis,
1478 1032 1624 1119 sed,
1675 1033 1942 1127 adjecta
1974 1038 2266 1133 opulen-

321 1154 367 1188 “
397 1143 647 1221 tiffima
678 1168 871 1245 parte
922 1148 1259 1244 Syphacis
1312 1150 1535 1248 regni,
1590 1171 2116 1249 praepotentem
2153 1156 2260 1229 in·

318 1272 365 1307 ‘⁶
396 1284 498 1339 ter
536 1262 825 1341 Africae
868 1292 1063 1365 reges
1108 1267 1385 1343 fecistis·
1487 1274 1660 1371 Qo
1700 1274 1986 1347 tandem
2043 1272 2264 1371 igitur

320 1393 367 1427 “
396 1410 525 1459 nos
546 1383 861 1483 praemio
880 1408 1093 1484 atque
1119 1389 1383 1464 honore
1406 1388 1609 1489 digni
1634 1394 1822 1488 apud
1842 1418 1966 1465 vos
1997 1392 2262 1481 sumuS,

320 1512 364 1545 “
397 1502 525 1600 qui
598 1529 997 1603 numquam
1070 1506 1299 1581 hostes
1368 1506 1636 1607 semper
1715 1509 1882 1585 socii
1951 1510 2261 1585 fuimus?

316 1632 360 1665 ‘⁸
394 1625 627 1710 Pater,
682 1650 845 1723 ego,
899 1622 1270 1725 fratresque
1304 1628 1443 1703 mei
1482 1654 1626 1703 non
1659 1630 1734 1703 in
1759 1632 1922 1705 Afia
1954 1654 2259 1718 tantum,

316 1753 359 1785 “
392 1740 511 1815 sed
542 1742 757 1817 etiam
798 1748 1049 1841 procul
1081 1748 1171 1821 ab
1224 1748 1447 1821 domo
1493 1746 1570 1822 in
1625 1750 2132 1846 PeloponnesO,
2185 1749 2261 1823 in

316 1874 360 1907 “
396 1864 709 1951 Boeotia,
737 1863 813 1938 in
836 1865 1141 1951 Aetolia,
1165 1866 1507 1963 Philippi,
1532 1868 1903 1956 Antiochi,
1929 1868 2259 1943 Aetolico

316 1992 361 2025 “
394 1986 609 2069 bello,
662 2004 837 2058 terra
888 1984 1206 2082 marique
1254 2011 1383 2081 pro
1436 1984 1638 2060 vobis
1699 2012 1889 2061 arma
1940 1987 2257 2061 tulimuS.

314 2112 359 2145 “
392 2103 599 2203 Qid
618 2128 787 2202 ergo
819 2101 1169 2201 postulas?
1220 2103 1410 2178 dicat
1442 2104 1720 2202 aliquis.
1809 2108 1996 2205 Ego,
2025 2108 2258 2179 Patres

318 2232 361 2265 “
388 2220 793 2321 conscripti,
860 2224 1201 2319 quoniam
1254 2222 1487 2297 dicere
1544 2223 1796 2321 utique
1854 2225 2258 2300 volentibus

316 2352 361 2384 “
392 2340 595 2439 vobis
628 2343 1025 2438 parendum
1054 2340 1177 2428 est,
1210 2344 1254 2415 s1
1288 2367 1413 2416 vos
1438 2369 1519 2415 ea
1550 2364 1788 2417 mente
1819 2345 2000 2418 ultra
2034 2342 2255 2416 Tauri

316 2463 555 2561 “juga
593 2460 875 2535 emostis
928 2460 1403 2548 Antiochum,
1460 2482 1541 2535 ut
1606 2461 1724 2559 ipfi
1781 2461 2104 2535 teneretis
2145 2487 2258 2535 eas

313 2589 359 2622 “
389 2602 623 2671 terraS,
690 2582 921 2655 nullos
982 2582 1286 2666 adcolaS,
1370 2606 1501 2655 nec
1566 2580 1905 2654 finitimos
1973 2581 2253 2668 habere,

313 2709 359 2744 “
389 2727 607 2799 quam
650 2726 801 2788 vos»,
851 2701 1035 2773 malo
1048 2733 1072 2786 3
1126 2726 1257 2773 nec
1286 2700 1431 2773 ulla
1458 2698 1591 2773 alia
1624 2726 1694 2773 re
1729 2698 1950 2773 tutius
1998 2700 2255 2775 stabili·

314 2830 357 2863 “
388 2820 613 2919 usque
667 2844 967 2918 regnum
1021 2844 1263 2893 meum
1316 2817 1638 2891 futurum
1698 2818 1914 2916 spero·
2015 2821 2152 2893 Sed
2207 2824 2254 2893 si

312 2952 357 2984 “
388 2940 589 3017 vobis
630 2940 972 3015 decedere
1006 2937 1201 3025 inde,
1251 2958 1461 3036 atque
1507 2937 1855 3011 exercitus
1901 2940 2253 3013 deducere

314 3070 356 3104 “
389 3060 459 3134 in
492 3059 737 3135 animo
763 3058 899 3145 est3
936 3057 1299 3132 neminem
1324 3056 1726 3156 digniorem
1757 3058 1888 3131 ess'e
1923 3084 2012 3131 ex
2046 3058 2251 3133 sociis

313 3188 357 3223 “
386 3180 651 3267 vestris,
712 3177 839 3277 qui
867 3179 1056 3252 bello
1088 3204 1129 3251 a
1154 3176 1359 3251 vobis
1391 3199 1588 3275 parta
1618 3178 1978 3274 poffideat,
2028 3202 2248 3273 quarn

312 3309 357 3342 “
387 3326 526 3388 me,
582 3298 818 3373 dicere
864 3299 1115 3371 aufim.-
1236 3301 1338 3371 At
1388 3296 1582 3369 enim
1637 3294 2106 3393 magnificum
2153 3298 2252 3371 est

312 3428 355 3461 “
386 3418 675 3494 liberare
727 3415 1041 3490 civitates
1109 3415 1348 3491 servas.
1448 3416 1554 3489 Ita
1604 3414 1883 3512 opinor,
1963 3419 2010 3489 s1
2067 3417 2248 3491 nihil

314 3546 357 3581 “
387 3538 633 3613 hostile
666 3534 991 3610 adversus
1022 3561 1147 3609 vos
1183 3535 1533 3611 fecerunt=
1587 3538 1683 3609 fin
1717 3554 1956 3609 autem
1993 3536 2251 3610 Antio·

313 3666 355 3701 “
387 3658 501 3732 chi
546 3655 759 3757 partis
797 3655 1118 3743 fuerunt3
1171 3677 1441 3754 quanto
1484 3654 1584 3729 est
1630 3654 1850 3729 vestra
1875 3654 2252 3753 prudentia

312 3786 355 3819 ‘⁸
386 3777 455 3849 δι
486 3776 841 3877 aequitate
874 3774 1189 3875 dignius»,
1242 3772 1445 3849 sociis
1470 3778 1651 3851 bene
1691 3773 1985 3862 meritis,
2029 3800 2248 3872 quam

314 3905 356 3938 ‘⁸
388 3898 729 3983 hostibus,
762 3922 887 3971 vos
918 3894 1271 3970 consulere
1290 3896 1363 3967 ?’'

394 4018 591 4091 LIV.
692 4018 907 4091 Grata
934 4013 1155 4089 oratio
1181 4014 1361 4113 regis
1386 4012 1712 4087 Patribus
1733 4010 1908 4086 fuit:
1944 4015 2013 4086 &
2048 4010 2250 4087 facile

312 4136 696 4234 adparebat,
766 4134 1108 4211 munifice
1174 4132 1414 4209 omnia
1477 4137 1545 4207 &
1623 4130 1964 4232 propenso
2012 4131 2254 4207 animo
