3100 5359
736 698 883 795 330
1406 684 2080 771 T.‘L1vrr‘

740 878 793 913 “
830 863 1579 964 tempestatejaflatus,
1605 888 1839 965 quum
1863 864 1940 939 in
1975 866 2222 940 eadem
2257 890 2440 940 nave
2465 863 2714 942 secum

740 998 793 1033 “
828 985 991 1062 suos
1016 1009 1267 1061 omnes
1294 982 1668 1074 habuisset,
1717 984 2136 1084 praecepisse
2167 985 2408 1061 liberis
2439 985 2712 1061 dicere·

740 1117 795 1152 “
828 1126 975 1195 tur,
1023 1126 1109 1181 ut
1158 1107 1239 1179 δι
1286 1105 1411 1205 ipsi
1444 1103 1950 1195 meminiffent,
2003 1109 2070 1181 ὅτ
2096 1104 2197 1180 ita
2227 1105 2518 1206 posteris
2547 1133 2704 1204 pro-

741 1237 795 1273 “
830 1230 1103 1318 cierent,
1154 1250 1245 1301 ne
1291 1226 1465 1325 quis
1506 1252 1679 1303 cum
1727 1246 1878 1304 tota
1918 1248 2130 1328 gente
2165 1229 2371 1304 fimul
2395 1226 2474 1303 in
2501 1229 2716 1302 rebus

739 1358 795 1395 ‘⁶
826 1344 1075 1423 dubiis
1120 1344 1503 1444 periclitari
1555 1348 1870 1423 auderet.
1967 1346 2382 1423 Memorem
2425 1372 2600 1447 ergo
2645 1344 2714 1421 se

726 1478 781 1536 ‘f
814 1466 1165 1568 praecepti
1186 1466 1359 1564 ejus,
1370 1468 1562 1543 duos
1577 1467 1789 1543 fimul
1807 1467 1992 1543 filios
2017 1492 2164 1542 non
2177 1466 2724 1544 commissurum

741 1594 799 1654 ‘f
830 1587 911 1663 in
958 1588 1185 1663 aleam
1242 1588 1419 1685 ejus,
1488 1588 1624 1689 qui
1680 1596 2214 1689 proponeretur,
2291 1586 2492 1663 msus
2511 1620 2536 1677 3
2612 1592 2716 1677 ὅτ,

740 1718 794 1765 ‘·‘
830 1707 1179 1808 quoniam
1210 1710 1549 1805 majorem
1581 1709 1816 1785 filium
1841 1708 2081 1784 secum
2111 1710 2434 1797 duceret,
2483 1707 2718 1783 mino-

741 1839 797 1874 “
830 1853 983 1905 rem
1034 1830 1127 1903 ad
1160 1826 1461 1906 subsidia
1484 1828 1630 1928 spei
1664 1835 1734 1905 ὃτ
1779 1828 2177 1906 custodiam
2223 1828 2426 1928 regni
2477 1827 2715 1904 remis-

743 1959 797 1997 “
832 1948 1077 2025 surum
1102 1948 1179 2026 in
1215 1948 1732 2027 Macedoniam
1755 1952 1961 2025 effe.”
2057 1952 2233 2025 Non
2259 1948 2545 2025 fallebat
2569 1950 2716 2024 De-

742 2069 1113 2160 meti-ium,
1160 2068 1470 2171 ablegari
1523 2068 1618 2159 se,
1671 2095 1760 2143 ne
1813 2071 2074 2145 adeffet
2114 2068 2431 2159 confilio,
2485 2076 2715 2167 quum

740 2188 822 2267 in
880 2189 1263 2291 conspectu
1314 2192 1642 2266 locorum
1700 2188 2148 2279 consultaret,
2200 2216 2346 2290 qua
2387 2189 2716 2291 proxime

744 2309 999 2387 itinera
1038 2313 1133 2386 ad
1164 2336 1355 2387 mare
1388 2308 1901 2386 Hadriaticum
1933 2331 2154 2409 atque
2188 2310 2466 2385 Italiam
2499 2313 2719 2386 duce-

741 2452 927 2519 rent,
977 2455 1309 2531 quaeque
1367 2430 1537 2506 belli
1585 2428 1761 2506 ratio
1813 2432 1979 2506 effer
2031 2429 2293 2506 futura.
2393 2433 2540 2506 Sed
2571 2456 2720 2507 nou

744 2551 975 2629 solum
1008 2552 1405 2649 parendum
1434 2549 1617 2648 patri
1668 2570 1855 2639 tum,
1906 2550 2026 2625 sed
2065 2548 2280 2627 etiam
2323 2549 2718 2626 adsentien-

742 2672 929 2749 dum
958 2690 1129 2760 erat,
1180 2696 1271 2745 ne
1316 2668 1631 2747 invitum
1664 2696 1904 2771 parere
1936 2668 2404 2769 suspicionem
2439 2670 2718 2748 faceret.

743 2793 857 2867 Ut
900 2812 1143 2867 tamen
1204 2790 1341 2866 iter
1384 2790 1453 2866 ei
1510 2812 1753 2867 tutum
1811 2790 1888 2865 in
1949 2792 2470 2867 Macedoniam
2530 2792 2718 2882 effet,

746 2912 1001 3003 Didas,
1048 2938 1141 2989 ex
1196 2911 1636 3012 praetoribus
1685 2910 1897 3012 regiis
1941 2936 2158 3003 unus,
2207 2913 2340 3013 qui
2371 2912 2720 2988 Paeoniae

742 3054 1079 3135 praeerat,
1135 3034 1365 3132 juffus
1418 3032 1544 3109 est.
1570 3030 1898 3132 prosequi
1959 3058 2134 3107 eum
2193 3056 2367 3108 cum
2427 3034 2724 3111 modico

742 3153 1111 3255 praesidio.
1206 3154 1438 3229 Hunc
1471 3178 1766 3253 quoque
1802 3152 2118 3241 Perseus,
2151 3156 2328 3228 ficut
2348 3155 2724 3255 plerosque

744 3273 959 3376 patris
992 3272 1421 3365 amicorum,
1470 3298 1564 3349 ex
1593 3298 1744 3375 quo
1777 3274 1972 3349 haud
2004 3274 2322 3349 dubium
2376 3275 2724 3375 cuiquam

746 3394 883 3471 effla
910 3418 1265 3495 coeperat,
1312 3398 1407 3471 ad
1440 3420 1687 3496 quem,
1739 3394 1840 3469 ita
1869 3393 2209 3470 inclinato
2238 3394 2426 3495 regis
2451 3394 2724 3485 animo,

746 3514 1136 3593 haereditas
1160 3515 1363 3616 regni
1396 3515 1800 3615 pertineret,
1851 3514 2036 3591 inter'
2055 3515 2456 3612 conjuratos
2480 3516 2562 3592 in
2593 3516 2726 3591 fra-

744 3634 870 3713 tris
900 3634 1290 3736 perniciem
1321 3636 1598 3713 habuit.
1677 3637 1764 3710 In
1793 3633 2175 3734 praesentia
2204 3636 2331 3711 dat
2344 3634 2412 3711 ei
2433 3638 2726 3713 manda·

746 3776 844 3847 ta,
892 3778 981 3831 ut
1020 3782 1147 3858 per
1188 3780 1405 3833 omne
1430 3755 1856 3853 obsequium
1887 3752 2264 3831 infinuaret
2292 3755 2360 3832 se
2393 3756 2470 3831 in
2503 3782 2726 3856 quam

746 3876 1065 3955 maxime
1088 3876 1504 3954 familiarem
1520 3875 1760 3965 usum,
1794 3894 1880 3949 ut
1909 3874 2160 3952 elicere
2191 3875 2436 3953 omnia
2451 3901 2726 3965 arcana,

746 3998 1231 4101 specularique
1262 3994 1543 4075 abditos
1577 3996 1728 4093 ejus
1751 3994 1986 4072 sensus
2013 3998 2258 4097 posset.
2356 4000 2464 4075 Ita
2489 3996 2723 4098 digre-
