3100 5359
759 693 902 764 206
1419 687 2054 764 T.1..1v11

757 859 874 934 tiis
933 878 1184 958 coepta
1231 884 1336 934 res
1399 857 1741 934 eumdem
1792 856 2069 932 exitum
2120 851 2395 930 habuit.
2494 855 2717 930 Velut

757 982 986 1056 nubes
1021 977 1290 1054 levium
1325 979 1631 1054 telorum
1664 979 1981 1075 conjecta
2010 973 2253 1050 obruit
2278 973 2507 1050 aciem
2540 977 2715 1052 Gal·

757 1099 1014 1174 lorum.
1113 1100 1274 1174 Nec
1321 1117 1446 1173 aut
1479 1121 1883 1196 procurrere
1914 1094 2291 1196 quisquam
2318 1098 2412 1171 ab
2443 1095 2713 1172 ordini·

757 1221 894 1294 bus
957 1217 1126 1306 suis,
1183 1243 1274 1292 ne
1317 1217 1667 1292 nudarent
1706 1214 2033 1315 undique
2078 1239 2337 1313 corpus
2376 1217 2469 1290 ad
2502 1215 2715 1304 iaus,

757 1337 1156 1414 audebantz
1227 1341 1298 1412 δε
1359 1335 1641 1424 stantes»,
1693 1360 1845 1435 quo
1896 1335 2241 1412 denfiores
2286 1356 2503 1424 erant,
2572 1339 2717 1411 hoc

757 1455 986 1556 plura,
1043 1457 1240 1534 velut
1283 1455 1711 1532 destinatum
1744 1455 2176 1556 petentibus,
2206 1457 2498 1531 vulnera
2526 1453 2718 1532 acci-

757 1573 1070 1676 piebant.
1169 1574 1464 1666 Consul,
1503 1577 1656 1674 jam
1686 1601 1813 1674 per
1846 1575 1911 1650 se
1940 1575 2237 1652 turbatis
2266 1578 2315 1650 fi
2344 1574 2719 1674 legionum

759 1693 958 1796 figna
1021 1694 1448 1784 ostendisset,
1513 1695 1829 1771 versuros
1894 1699 2256 1793 extemplo
2318 1695 2395 1770 in
2466 1693 2719 1796 fugam

759 1841 1009 1898 omnes
1073 1837 1288 1904 ratus,
1341 1815 1642 1914 receptis
1703 1813 1886 1891 inter
1929 1815 2211 1892 ordines
2260 1813 2596 1892 velitibus
2644 1819 2719 1891 δε

757 1932 894 2012 alia
925 1939 1132 2012 turba
1155 1935 1616 2023 auxiliorum,
1664 1933 1893 2012 aciem
1924 1935 2299 2036 promovit.

857 2055 1176 2132 XXVII.
1275 2055 1494 2144 Galli,
1577 2059 1645 2130 δι
1706 2054 2047 2130 memoria
2110 2055 2715 2151 Tolistobojorum

761 2173 982 2252 cladis
1035 2173 1284 2264 territi,
1337 2177 1410 2250 δι
1453 2173 1888 2250 inhaerentia
1928 2173 2345 2273 corporibus
2398 2195 2719 2275 gerentes

761 2297 925 2384 tela,
978 2294 1268 2395 feffique
1311 2297 1388 2370 δι’
1416 2293 1665 2370 stando
1696 2298 1763 2368 &
1798 2292 2242 2382 vulneribus,
2278 2320 2365 2370 ne
2398 2295 2719 2394 primum

761 2415 1066 2515 quidem
1110 2413 1438 2514 inpetum
1483 2418 1552 2488 δι
1596 2414 1977 2488 clamorem
2012 2415 2511 2490 Romanorum
2540 2418 2721 2490 tule-

761 2555 951 2610 runt.
1052 2535 1114 2608 F
1115 2559 1256 2633 uga
1287 2534 1379 2610 ad
1412 2532 1629 2609 castra
1652 2531 2039 2608 inclinavit.
2139 2535 2279 2608 Sed
2304 2533 2513 2634 pauci
2540 2534 2723 2612 intra

763 2651 1213 2730 munimenta
1244 2652 1379 2729 sese
1413 2675 1777 2752 recepere:
1839 2677 1995 2751 pars
2024 2654 2271 2749 major,
2304 2656 2553 2730 dextm
2580 2657 2722 2731 lae-

759 2796 989 2870 vaque
1019 2771 1331 2870 praelati,
1380 2797 1524 2872 qua
1556 2797 1923 2870 quemque
1956 2771 2239 2872 inpetus
2264 2773 2457 2862 tulit,
2512 2773 2725 2876 fuge-

761 2913 952 2968 runt.
1053 2890 1398 2980 ViCtores,
1431 2889 1655 2990 usque
1678 2892 1771 2966 ad
1796 2891 2011 2967 castra
2036 2890 2283 2982 secuti,
2310 2893 2725 2972 ceciderunt

765 3036 998 3114 terga:
1051 3011 1312 3087 deinde
1361 3010 1436 3086 in
1470 3009 1705 3086 castris
1734 3009 2125 3110 cupiditate
2152 3013 2447 3112 praedae
2488 3014 2723 3092 haese-

767 3154 960 3222 runt,
1027 3159 1160 3207 nec
1221 3130 1641 3231 sequebatur
1696 3129 2098 3230 quisquam.
2230 3133 2317 3206 In
2388 3133 2726 3212 cornibus

767 3253 958 3330 Gaui
991 3249 1266 3328 diutius
1289 3249 1655 3340 steterunt,
1706 3250 1879 3350 quia
1908 3249 2121 3328 serius
2152 3253 2247 3328 ad
2278 3278 2397 3328 eos
2428 3279 2726 3352 perven-

765 3395 924 3450 tum
957 3371 1079 3448 est.
1157 3373 1496 3448 Ceterum
1529 3397 1619 3446 ne
1647 3370 1965 3471 primum
1997 3369 2297 3469 quidem
2320 3374 2731 3471 conjectum

767 3494 1072 3570 telorum
1103 3491 1441 3566 tulerunt.
1539 3489 1839 3580 Consul,
1874 3490 2003 3590 qui
2036 3490 2367 3592 ingreffos
2400 3491 2477 3568 in
2508 3493 2731 3574 castra

765 3615 858 3688 ab
891 3609 1289 3712 direptione
1318 3609 1711 3686 abstrahere
1740 3637 1891 3686 non
1922 3631 2220 3710 poterat,
2280 3637 2425 3703 eos,
2482 3613 2615 3714 qui
2646 3613 2731 3692 in

767 3730 1103 3810 cornibus
1159 3727 1462 3818 sperant,
1510 3729 1835 3829 protinus
1896 3732 1990 3806 ad
2045 3730 2439 3830 sequendos
2499 3733 2737 3812 hostes

768 3849 974 3928 mifit.
1073 3853 1210 3928 Per
1237 3849 1686 3952 aliquantum
1724 3847 2030 3950 spatium
2074 3849 2324 3939 secuti,
2380 3877 2528 3927 non
2569 3857 2736 3954 plus

771 3990 1012 4048 tamen
1055 3971 1220 4046 ofto
1251 3970 1476 4046 millia
1506 3968 1893 4047 hominum
1924 3970 2003 4046 in
2038 3973 2211 4072 fuga
2256 3976 2453 4070 (nam
2484 3997 2735 4073 pugna

769 4093 968 4178 nulla
999 4089 1172 4187 fuit)
1200 4089 1657 4168 ceciderunt:
1710 4089 1973 4190 reliqui
2004 4093 2277 4168 flumen
2302 4091 2553 4192 Halyn
2597 4115 2733 4170 tra·
