3100 5359
764 740 905 836 356
1412 708 2068 811 T5L1v11

760 909 999 987 liberis
1048 908 1404 1010 sequiturz
1454 908 1784 1009 proxima
1832 908 1932 985 est
1973 906 2165 1011 regia
2207 910 2459 985 cohors
2491 909 2714 985 custo·-

764 1030 1029 1131 desque
1060 1031 1414 1131 corporis=
1466 1030 1900 1132 postremum
1933 1056 2192 1129 agmen
2225 1030 2713 1105 Macedonum

764 1172 993 1227 cetera
1036 1151 1429 1227 multitudo
1473 1150 1766 1226 claudit.
1866 1153 2122 1226 Latera
2172 1149 2357 1249 regis
2397 1150 2548 1223 duo
2591 1146 2714 1221 filii

752 1271 1049 1367 juvenes
1080 1266 1487 1370 cingebant,
1522 1269 1810 1346 Perseus
1829 1270 1980 1367 jam
2000 1269 2428 1345 tricesimum
2451 1292 2716 1343 annum

760 1416 1001 1489 agenS,
1056 1390 1461 1467 Demetrius
1488 1386 1988 1490 quinquennio
2021 1389 2298 1477 minor3
2349 1388 2718 1486 medioju-

762 1532 1013 1586 ventae
1048 1512 1299 1587 robore
1333 1512 1478 1599 ille,
1538 1512 1658 1586 hic
1685 1514 1904 1598 flore3
1955 1509 2294 1587 fortunati
2327 1507 2542 1608 patris
2575 1534 2716 1583 ma-

766 1650 923 1706 tura
961 1629 1260 1721 soboleS,
1324 1632 1377 1702 fi
1410 1658 1612 1706 mens
1643 1631 1804 1706 sana
1831 1630 2082 1706 fuiffet.
2181 1631 2354 1705 Mos
2385 1650 2557 1718 erat,
2591 1628 2720 1704 lus·

764 1749 1080 1827 trationis
1106 1750 1299 1826 sacro
1326 1736 1630 1849 peracto,
1661 1750 2058 1827 exercitum
2081 1752 2478 1840 decurrere,
2511 1751 2590 1825 &
2615 1750 2718 1830 di·

762 1870 941 1947 visas
966 1868 1289 1947 bifariam
1311 1872 1487 1945 duas
1510 1869 1694 1945 acies
1717 1896 2130 1946 concurrere
2151 1872 2244 1946 ad
2275 1872 2718 1946 simulacrum

764 2016 1071 2091 pugnae.
1170 1990 1387 2092 Regii
1411 1991 1706 2087 juvenes
1741 1992 1960 2065 duces
1989 1991 2056 2066 ei
2089 1991 2370 2067 ludicro
2401 1987 2719 2065 certami-

766 2111 845 2186 ni
872 2112 1042 2189 dati.
1140 2113 1475 2187 Ceterum
1534 2136 1680 2185 non
1734 2110 1974 2211 imago
2020 2109 2159 2186 fuit
2205 2137 2519 2211 pugnae,
2582 2109 2718 2195 sed,

768 2252 1135 2330 tamquam
1168 2233 1259 2307 de
1292 2256 1511 2333 regno
1542 2230 2028 2320 dimicaretur,
2063 2232 2160 2305 ita
2191 2242 2718 2315 concurrerunt,

766 2352 1135 2451 multaque
1182 2353 1474 2427 vulnera
1523 2350 1816 2425 sudibus
1853 2350 2082 2439 facta3
2135 2376 2266 2426 nec
2299 2372 2572 2450 praeter
2593 2349 2721 2424 fer-

766 2494 933 2545 rum
985 2470 1385 2570 quidquam
1443 2469 1674 2546 defuit
1724 2472 1816 2545 ad
1855 2470 2118 2568 justam
2165 2470 2331 2547 belli
2396 2468 2721 2568 speciem.

768 2592 938 2665 Pars
985 2616 1091 2680 ea,
1150 2615 1333 2689 quae
1386 2588 1515 2666 sub
1555 2590 1924 2665 Demetrio
1955 2613 2124 2678 erat,
2175 2592 2386 2689 longe
2421 2588 2725 2689 superior

771 2708 935 2785 fuit.
1032 2709 1124 2784 Id
1173 2734 1378 2809 aegre
1428 2710 1738 2808 patiente
1770 2709 2045 2797 Perseo,
2080 2710 2314 2784 laetari
2348 2710 2724 2808 prudentes

770 2827 985 2905 amici
1012 2832 1186 2927 ejus,
1218 2854 1521 2927 eamque
1555 2856 1704 2905 rem
1737 2831 1958 2929 ipsam
1993 2828 2226 2905 dicere
2255 2829 2723 2928 praebituram

772 2951 1079 3025 cauffam
1106 2948 1854 3047 criminandijuveniS.

873 3071 1037 3157 vll.
1135 3069 1576 3145 Convivium
1627 3096 1714 3145 eo
1767 3070 1886 3145 die
1929 3069 2306 3159 sodalium,
2357 3072 2486 3171 qui
2531 3073 2726 3147 fimul

774 3190 1247 3279 decurrerant,
1274 3210 1570 3289 uterque
1598 3190 1875 3278 habuit,
1897 3215 2126 3290 quum
2152 3192 2552 3267 vocatusad
2572 3218 2724 3268 coe-

774 3334 942 3385 nam
974 3313 1066 3386 ab
1100 3311 1471 3387 Demetrio
1502 3311 1788 3387 Perseus
1821 3314 2144 3413 negaffet.
2245 3312 2451 3387 Festo
2475 3313 2593 3387 die
2625 3312 2726 3387 in-

774 3428 1023 3505 vitatio
1045 3430 1357 3530 benigna
1376 3436 1443 3507 δι
1474 3431 1780 3507 hilaritas
1791 3432 2141 3528 juvenalis
2165 3430 2498 3531 utrosque
2525 3432 2600 3507 in
2631 3431 2728 3507 vi-

776 3574 958 3624 num
1011 3548 1243 3625 traxit.
1344 3552 1951 3627 Commemoratio
1981 3551 2086 3627 ibi
2117 3552 2518 3627 certaminis
2547 3552 2727 3627 ludi-

780 3666 881 3743 cri
938 3669 1019 3743 &
1056 3669 1297 3766 jocosa
1332 3670 1523 3745 dicta
1555 3670 1632 3745 in
1663 3670 2109 3762 adversarios,
2167 3672 2265 3748 ita
2304 3694 2386 3747 ut
2437 3698 2527 3747 ne
2579 3671 2729 3771 ipfis

778 3786 1081 3887 quidem
1112 3790 1423 3865 ducibus
1452 3790 1932 3880 abstineretur,
1939 3794 2341 3889 jactabantu
2351 3818 2402 3870 r.
2463 3794 2590 3867 Ad
2619 3794 2730 3867 has

778 3908 1236 4007 excipiendas
1282 3934 1493 3987 voces
1543 3909 1938 4008 speculator
1994 3938 2086 3988 ex
2136 3912 2454 3988 convivis
2511 3910 2729 3986 Persei

778 4027 1049 4116 miffus,
1108 4052 1340 4127 quum
1383 4029 1736 4106 incautior
1777 4031 2280 4119 obversaretur,
2327 4053 2662 4131 exceptus
2689 4057 2728 4103 a

778 4148 1157 4244 iuvenibus
1206 4146 1387 4225 forte
1428 4147 1740 4226 triclinio
1789 4154 2086 4251 egreffis,
2137 4154 2320 4230 male
2361 4154 2726 4230 muloetur.
