3100 5359
789 701 936 840 238
1458 723 2088 797 T.L1v11

790 906 842 940 “
877 920 1043 970 cum
1093 915 1382 968 centum
1442 893 1759 970 millibus
1804 894 2385 969 ferociffimorurn
2444 893 2743 970 hostium

789 1025 841 1059 “
881 1012 1086 1113 fignis
1119 1013 1412 1088 conlatis
1443 1014 1650 1088 toties
1676 1015 2020 1114 pugnavi,
2090 1013 2217 1111 qui
2259 1017 2423 1111 plus
2454 1018 2741 1113 quadra·

789 1145 840 1179 “
877 1134 1072 1234 ginta
1105 1133 1327 1207 millia
1359 1133 1739 1209 hominurn
1768 1134 1924 1233 cepi
1952 1155 2077 1209 aut
2108 1134 2371 1224 occidi,
2428 1136 2553 1232 qui
2583 1135 2747 1211 bina

788 1265 840 1298 “
875 1254 1089 1329 castra
1139 1279 1388 1328 eorum
1441 1253 1874 1354 expugnavi,
1930 1254 2058 1352 qui
2096 1254 2270 1328 citra
2305 1256 2488 1354 juga
2525 1255 2743 1330 Tauri

789 1385 840 1418 “
875 1373 1116 1448 omnia
1170 1371 1544 1471 pacatiora,
1599 1398 1819 1472 quam
1854 1395 2031 1448 terra
2055 1373 2255 1448 Italia
2288 1375 2415 1462 est,
2466 1376 2743 1474 reliqui,

789 1503 840 1539 “
877 1518 1023 1567 non
1050 1485 1423 1591 triumpho
1456 1495 1679 1568 modo
1707 1492 2027 1582 fraudor3
2074 1492 2194 1568 sed
2228 1498 2527 1570 cauffam
2556 1496 2747 1594 apud

785 1624 838 1658 “
873 1641 1024 1702 vos,
1058 1618 1294 1690 Patres
1323 1613 1726 1714 conscripti,
1754 1613 2244 1690 accusantibus
2269 1613 2449 1688 meis
2476 1615 2619 1714 ipse
2652 1617 2745 1690 le·

786 1743 838 1777 “
874 1733 1077 1834 gatis,
1111 1733 1300 1810 dico·
1401 1736 1697 1833 Duplex
1723 1759 1998 1822 eorum,
2032 1755 2113 1808 ut
2138 1733 2743 1823 animadvertistis,

786 1864 838 1898 “
875 1857 1110 1928 Patres
1139 1853 1539 1951 conscripti,
1574 1853 1922 1928 accusatio
1954 1853 2115 1929 fuit.
2198 1857 2418 1941 Nam,
2461 1881 2597 1930 nec
2630 1881 2745 1954 ge-

785 1983 836 2017 “
871 1976 1175 2048 rendum
1228 1972 1408 2046 mihi
1461 1971 1661 2046 fuiffe
1696 1975 1961 2049 bellurn
1991 2000 2161 2050 cum
2192 1975 2440 2062 Gallis,
2502 1979 2573 2049 δε
2600 1974 2743 2074 ges-

783 2105 836 2140 “
873 2114 1030 2169 tum
1063 2115 1324 2168 temere
1352 2114 1565 2192 atque
1601 2093 2084 2192 inprudenter,
2116 2093 2473 2168 dixerunt.
2572 2099 2745 2169 Non

785 2225 836 2259 ‘⁶
873 2234 1068 2288 erant
1119 2213 1307 2288 Galli
1355 2212 1611 2301 hostes,
1666 2211 1786 2287 sed
1823 2236 1901 2288 tu
1940 2241 2059 2288 eos
2096 2235 2377 2311 pacatos
2406 2214 2745 2314 imperata

785 2343 836 2377 “
873 2333 1205 2408 facientes
1235 2332 1530 2407 violasti.
1650 2337 1825 2407 Non
1860 2333 2011 2408 sum
2046 2336 2519 2433 postulaturus
2546 2361 2591 2408 a
2622 2361 2743 2409 vo·

782 2467 834 2499 ‘⁶
873 2455 1008 2543 bis,
1045 2456 1282 2527 Patres
1310 2451 1710 2551 conscripti,
1765 2474 1873 2542 ut,
1930 2481 2113 2552 quae
2140 2454 2623 2530 communiter
2656 2457 2743 2529 de

782 2585 834 2619 “
868 2574 1282 2648 inmanitate
1316 2571 1543 2672 gentis
1572 2574 1971 2663 Gallorum,
1996 2576 2083 2648 de
2116 2573 2547 2650 infestiffimo
2574 2575 2744 2649 odio

782 2702 833 2737 “
870 2691 947 2767 in
995 2719 1258 2766 nomen
1293 2695 1713 2768 Romanum
1757 2692 1971 2782 scitiS,
2016 2721 2097 2768 ea
2128 2694 2217 2768 de
2252 2692 2387 2768 illis
2421 2719 2744 2794 quoque,

782 2823 834 2856 “
869 2811 999 2912 qui
1034 2815 1270 2886 Afiam
1299 2811 1647 2900 incolunt,
1670 2812 2081 2888 existimetis
2110 2814 2355 2888 Gallis.
2432 2816 2745 2889 Remota

781 2943 832 2976 “
867 2929 1224 3007 universae
1277 2932 1504 3030 gentis
1558 2931 1851 3006 infamia
1900 2955 2115 3031 atque
2164 2932 2462 3023 invidia,
2514 2960 2646 3031 per
2678 2933 2743 3008 se

782 3064 834 3096 “
871 3051 1052 3151 ipsos
1082 3051 1462 3128 aestimate.
1556 3051 1860 3129 Utinam
1888 3081 2009 3128 rex
2046 3057 2431 3142 Eumenes,
2468 3054 2745 3130 utinam

781 3185 832 3218 ‘⁶
870 3177 1070 3248 Aliae
1131 3171 1444 3248 civitates
1502 3199 1751 3248 omnes
1796 3177 2125 3262 adeffent,
2178 3179 2245 3248 &
2302 3175 2460 3247 illos
2504 3173 2747 3272 potius

781 3304 832 3338 “
869 3315 1268 3396 querentes,
1359 3319 1581 3392 quam
1634 3319 1753 3368 me
1808 3293 2274 3380 accusantem,
2357 3292 2735 3368 audiretis!

779 3425 831 3458 “
869 3413 1174 3501 Mittite,
1265 3415 1602 3512 agedum,
1682 3415 1945 3512 legatos
1992 3412 2178 3488 circa
2226 3439 2473 3486 omnes
2536 3419 2743 3488 Afiae

779 3544 831 3578 “
867 3537 1102 3623 urbes,
1125 3537 1192 3609 ὅτ
1220 3533 1561 3633 quaerite,
1590 3554 1745 3606 utra
1764 3532 2069 3632 graviori
2098 3531 2451 3621 servitute,
2480 3534 2742 3609 Antio·

779 3664 830 3698 “
862 3655 1001 3728 cho
1045 3654 1228 3727 ultra
1260 3651 1481 3726 Tauri
1508 3653 1689 3750 juga
1720 3673 1983 3741 emot0,
2032 3677 2123 3726 an
2158 3651 2382 3727 Gallis
2410 3652 2741 3743 subaestis,

780 3772 1139 3848 “liberati
1184 3770 1368 3846 fint?
1439 3771 1717 3870 quoties
1780 3772 1927 3870 agri
1980 3799 2229 3848 eorum
2290 3773 2532 3848 vastati
2582 3776 2739 3863 fint,

779 3904 831 3938 “
867 3892 1146 3992 quoties
1173 3893 1469 3989 praedae
1501 3895 1811 3980 abac'tae‚
1842 3893 2174 3967 referant:
2212 3918 2445 3991 quum
2477 3895 2601 3968 vix·
2631 3921 2737 3970 re·

779 4024 832 4058 “
867 4010 1192 4088 dimendi
1219 4012 1534 4111 captivos
1566 4012 1773 4110 copia
1798 4014 1985 4102 esset,
2034 4017 2099 4088 ὅτ
2134 4017 2462 4088 ωειᾶειῑειε
2487 4017 2739 4089 huma-

778 4145 829 4179 ‘⁶
865 4159 986 4210 nas
1029 4133 1285 4210 hostias
1335 4131 1856 4232 inmolatosque
1911 4132 2167 4210 liberos
2193 4131 2352 4210 suos
2384 4135 2739 4210 audirent.
