3100 5359
863 708 937 782 L
989 732 1018 781 1
1077 656 1130 782 a·
1177 732 1224 781 z
1280 732 1328 781 a
1431 705 1828 782 XXXVII.
2210 732 2300 809 75

320 884 650 961 incautos
701 884 917 981 pofl'e.
1017 881 1388 958 Profectus
1427 886 1522 958 ab
1578 880 1811 957 Elatia
1864 880 2184 979 primum
2232 882 2311 957 in

321 1004 640 1080 hostium
673 1024 862 1079 terra
888 1002 1078 1080 circa
1108 1002 1532 1102 Sperchium
1582 1029 1869 1079 amnem
1902 1001 2139 1101 posuit
2164 1000 2309 1079 cas-

319 1146 457 1201 trat
511 1126 684 1202 inde
738 1126 950 1201 nodie
1007 1122 1220 1199 motis
1267 1124 1506 1225 figniS,
1556 1124 1787 1225 prima
1828 1125 1989 1201 luce
2049 1150 2310 1200 corona

315 1247 614 1324 moenia
641 1246 744 1323 est
773 1246 1152 1346 adgrefl‘uS.

423 1370 515 1445 V.
617 1370 940 1468 Magnus
968 1392 1188 1467 pavor
1211 1390 1296 1441 ac
1324 1367 1703 1455 tumuitus,
1734 1386 1817 1441 ut
1854 1363 1929 1440 in
1964 1392 2037 1443 te
2064 1364 2305 1465 inpro-

315 1487 492 1578 visa,
543 1487 706 1565 fuit.
806 1487 1262 1564 Constantius
1295 1508 1561 1575 tamen,
1614 1512 1833 1586 quam
1870 1485 2033 1587 quis
2078 1486 2304 1561 saiku-

317 1634 440 1685 tos
477 1610 824 1697 crederet,
877 1608 954 1683 in
1001 1630 1152 1683 tam
1197 1606 1433 1684 subito
1483 1608 1834 1707 periculo,
1884 1634 2119 1707 quum
2170 1606 2307 1681 viri

312 1752 882 1831 pmpugmoent,
935 1728 1242 1805 feminae
1276 1731 1414 1803 tela
1439 1728 1675 1805 omnis
1700 1726 1975 1829 generis
1996 1726 2304 1826 saxaque

319 1850 400 1926 in
427 1876 668 1927 muros
701 1874 1048 1952 gererent,
1070 1851 1222 1947 jam
1251 1848 1713 1926 multifariam
1734 1849 1930 1925 scalis
1950 1849 2304 1949 adpofitis,

317 1974 580 2047 urbem
611 1998 701 2047 eo
733 1972 852 2047 die
883 1971 1380 2047 defenderunt.
1480 1970 1789 2059 Acilius,
1824 1974 2019 2071 {igno
2066 1996 2305 2069 reoep·

317 2093 438 2168 tui
489 2094 686 2182 dato,
737 2092 897 2167 suos
927 2092 1007 2167 in
1043 2092 1262 2167 castra
1293 2090 1539 2167 medio
1576 2092 1797 2167 fertne
1830 2091 1951 2166 die
1982 2089 2303 2167 reduxit:

321 2216 404 2288 &
457 2235 636 2290 tunc
681 2212 850 2290 cibo
883 2218 954 2289 &
989 2213 1232 2312 quiete
1263 2210 1540 2287 refeffis
1590 2210 2035 2309 corporibus»,
2083 2210 2307 2309 prius-

321 2358 552 2436 quam
608 2332 1040 2434 praetorium
1105 2332 1523 2420 dimitteret,
1584 2329 2079 2419 denunciavit,
2132 2341 2190 2375 ‘⁶
2224 2352 2309 2405 ut

327 2468 380 2501 ‘⁴
419 2476 582 2531 ante
601 2457 840 2531 lucem
871 2454 1118 2531 arma-ti
1146 2454 1509 2554 paratique
1533 2454 1779 2528 essent.
1845 2450 1999 2527 Nifi
2033 2476 2307 2552 expug-

329 2586 386 2623 “
423 2598 586 2653 nata
631 2578 840 2665 urbe,
898 2574 966 2651 se
1018 2600 1137 2651 eos
1190 2574 1267 2649 in
1321 2574 1536 2649 castra
1574 2598 1721 2647 non
1774 2574 2309 2647 reduetummss’

331 2697 620 2773 Eodem
641 2718 990 2795 tempore,
1023 2722 1174 2795 quo
1195 2694 1452 2795 pridie,
1484 2692 1811 2793 pluribus
1830 2691 2007 2769 locis
2030 2692 2307 2794 adgres-

321 2818 468 2907 sus,
517 2844 754 2917 quum
787 2816 1186 2916 oppidanos
1203 2818 1358 2913 jam
1387 2815 1599 2902 vireS,
1622 2815 1773 2911 jam
1810 2815 1971 2903 tela,
1989 2815 2147 2910 jam
2180 2840 2303 2889 an-

323 2960 400 3015 te
433 2937 682 3013 omnia
707 2936 993 3013 animus
1027 2936 1390 3025 deficeret,
1442 2934 1625 3011 intra
1656 2960 1919 3035 paucas
1952 2937 2157 3011 horas
2186 2960 2306 3011 ur·

319 3063 503 3136 bem
545 3056 763 3157 cepit.
863 3056 1004 3146 Ibi,
1055 3056 1314 3155 partim
1353 3054 1745 3145 divendita,
1794 3054 2053 3156 partim
2086 3055 2311 3132 divisa

321 3180 622 3279 praeda,
673 3178 1046 3256 confilium
1077 3177 1434 3265 habitum,
1487 3176 1671 3275 quid
1706 3175 1969 3251 deinde
2026 3175 2305 3253 faceret.

319 3298 628 3376 Nemini
663 3300 756 3375 ad
801 3300 1268 3397 Naupactum
1325 3297 1412 3373 iri
1469 3298 1764 3398 placuit,
1812 3318 2165 3397 occupato
2214 3298 2309 3373 ad

311 3422 672 3495 Coracem
693 3422 790 3495 ab
815 3418 1094 3494 Aetolis
1115 3416 1314 3493 saltu.
1392 3422 1512 3494 Ne
1533 3442 1771 3495 tamen
1794 3417 2033 3519 segnia
2049 3418 2307 3494 aestiva

313 3540 573 3629 effent,
623 3540 702 3615 δι
748 3540 992 3616 Aetoli
1026 3564 1174 3614 non
1227 3539 1672 3638 impetratam
1706 3564 1958 3638 pacem
1986 3542 2083 3615 ab
2116 3537 2307 3614 sena-

319 3684 408 3737 tu
443 3659 916 3736 m‘hilorninus
950 3686 1076 3759 per
1111 3660 1308 3735 suam
1361 3660 1892 3736 conflationem
1942 3661 2308 3747 haberent,

317 3786 754 3883 obpugnare
785 3780 1066 3857 Acilius
1086 3780 1536 3881 Amphiffam
1570 3780 1831 3855 statuit.
1931 3782 2057 3855 Ab
2078 3782 2309 3855 Hera-

323 3906 488 3981 elea
529 3928 654 4003 pet
702 3904 966 3979 Oetam
991 3900 1350 3977 exercitus
1381 3926 1503 3977 eos
1533 3902 1818 3977 du6kus.
1916 3905 2175 4001 Qum
2216 3902 2311 3975 ad

327 4024 621 4102 moenia
645 4022 862 4100 castra
887 4022 1244 4122 posuiss‘et,
1273 4042 1418 4098 non
1436 4048 1728 4111 corona,
1754 4025 1931 4098 ficut
1949 4022 2309 4110 Lamiam,

334 4144 462 4223 sed
487 4144 824 4247 operibus
853 4146 1270 4246 obpugnare
1300 4146 1552 4221 urbem
1580 4144 1682 4219 est
1732 4144 2041 4220 adortus.
2141 4145 2311 4219 Plu-
