3100 5359
841 718 914 789 L
964 741 993 787 1
1050 739 1091 788 Β
1150 739 1193 788 ε.
1250 737 1296 786 n
1399 715 1752 790 XXXVI.
2210 741 2292 817 17

324 892 495 986 vieti
546 891 775 980 malis,
847 917 1077 989 quum
1126 891 1478 979 timerent,
1550 919 1640 965 ne
1697 889 1770 965 vi
1825 890 2042 988 captis
2096 893 2288 964 nulla

315 1003 510 1112 apud
532 1011 877 1086 viclorem
910 1011 1115 1085 venia
1140 1013 1328 1099 effet‚
1362 1011 1793 1086 dediderunt
1822 1010 1977 1084 sese.
2077 1012 2286 1086 Nihil

314 1133 486 1206 inde
508 1151 823 1206 moratus
854 1155 1003 1218 rex,
1032 1152 1339 1229 quatuor
1367 1131 1587 1206 millia
1611 1151 2064 1218 armatorum,
2101 1132 2281 1204 dum

317 1279 564 1328 recens
598 1273 815 1325 terror
840 1253 1030 1339 effet,
1080 1253 1467 1326 Scotuffam
1497 1249 1701 1325 mifit.
1801 1253 1962 1325 Nec
1989 1249 2089 1324 ibi
2128 1275 2281 1323 mo-

316 1398 393 1446 ra
445 1368 837 1446 deditionis
890 1370 991 1444 est
1046 1369 1252 1459 facta,
1304 1369 1754 1444 cernentibus
1808 1371 2280 1444 Pheraeorum

313 1517 563 1569 recens
606 1492 1063 1588 exemplum:
1116 1489 1274 1588 qui,
1326 1490 1527 1588 quod
1573 1488 2018 1588 pertinaciter
2048 1489 2282 1588 primo

312 1616 738 1698 abnuerant,
791 1613 977 1686 malo
1009 1609 1269 1685 domiti
1324 1611 1610 1684 tandem
1655 1608 1986 1684 fecissent.
2087 1611 2280 1683 Cum

314 1730 461 1829 ipsa
494 1734 677 1804 urbe
711 1728 1225 1828 Hippolochus
1258 1727 1916 1828 Larifl'aeorumque
1951 1729 2282 1802 deditum

317 1850 417 1925 est
459 1848 909 1948 praefidium.
1010 1847 1289 1923 Dimiffi
1323 1852 1414 1923 ab
1444 1875 1604 1948 rege
1638 1848 1953 1925 inviolati
1986 1876 2231 1924 omnes
2253 1881 2278 1937 ;

316 1973 519 2070 quod
555 1995 712 2044 eam
764 1994 910 2043 rem
964 1967 1205 2068 magni
1256 1967 1603 2044 momenti
1654 1968 1964 2044 futuram
2020 1995 2142 2044 rex
2184 1971 2278 2048 ad

316 2089 803 2166 conciliandos
834 2087 1346 2162 Lariss‘aeorum
1376 2088 1650 2162 animos
1683 2091 2035 2164 credebat.

410 2212 513 2285 X.
616 2211 807 2282 Intra
837 2206 1203 2282 decimum
1238 2208 1457 2294 diem,
1508 2234 1727 2306 quam
1773 2211 2028 2283 Pheras
2065 2236 2272 2286 vene-

316 2353 441 2420 rat,
493 2328 607 2404 his
645 2327 993 2427 perfectis,
1045 2331 1473 2416 Cranonem‚
1524 2326 1876 2427 p'rofec'tus
1921 2354 2088 2402 cum
2123 2350 2277 2405 toto

317 2448 664 2537 exercitu,
716 2448 951 2545 primo
992 2449 1302 2522 adventu
1348 2447 1560 2544 cepit.
1663 2448 1838 2521 Inde
1885 2451 2276 2546 Cypaeram

318 2575 381 2644 ὅτ
410 2568 920 2666 Metropolim,
970 2569 1045 2640 ὅτ
1076 2567 1159 2640 iis
1194 2565 1642 2664 circumjecta
1674 2567 1946 2642 castella
1975 2569 2275 2668 recepit3

315 2689 703 2786 omniaque
731 2689 883 2782 jam·
935 2685 1241 2786 regionis
1292 2687 1467 2782 erS‚
1517 2710 1786 2785 praeter
1837 2693 2170 2764 Atracem
2205 2694 2274 2764 &

318 2813 743 2908 Gyrtonem,
796 2805 873 2880 in
905 2805 1234 2904 potestate
1261 2828 1473 2881 erant.
1577 2810 1774 2881 Tum
1806 2809 2099 2907 adgredi
2135 2813 2276 2884 La-

316 2928 541 3002 rifl‘am
576 2925 982 3001 constituit:
1034 2946 1220 2999 ratus
1264 2928 1377 2999 vel
1422 2948 1677 3000 terrore
1722 2949 2108 3002 ceterarum
2153 2953 2274 3004 ex-

312 3067 815 3147 pugnatarum,
877 3046 990 3120 vel
1053 3044 1399 3119 beneficio
1437 3045 1767 3143 -praefidii
1819 3047 2102 3136 dimiffi,
2161 3051 2274 3124 vel

312 3168 646 3264 exemplo
680 3187 787 3240 tot
810 3164 1204 3239 civitatium
1252 3165 1672 3240 dedentium
1699 3166 1861 3254 sese,
1915 3195 2058 3242 non
2092 3171 2275 3245 ultra

308 3288 387 3362 in
412 3285 803 3386 pertinacia
833 3284 1211 3360 mansuros·
1316 3285 1724 3384 Elephantis
1749 3286 1862 3385 agi
1895 3309 2055 3361 ante
2087 3291 2276 3387 figna

308 3404 585 3483 terroris
630 3409 860 3481 cauffa
895 3406 1115 3501 juffis,
1166 3407 1508 3504 quadrato
1552 3406 1838 3506 agmine
1881 3401 1976 3482 ad'
2017 3397 2272 3484 urbem

308 3527 621 3602 inceflit:
692 3547 777 3600 ut
831 3525 1075 3600 incerti
1138 3527 1648 3600 fluetuarentur
1697 3527 1915 3601 animi
1977 3553 2272 3626 magnae

308 3648 523 3746 partis
556 3645 1071 3721 Larissaeorum
1118 3645 1296 3719 inter
1340 3669 1614 3720 metum
1653 3647 2078 3746 praesentem
2113 3648 2268 3723 hos-

304 3769 495 3844 tium
552 3773 621 3840 δε
669 3764 1171 3840 verecundiam
1218 3764 1612 3839 absentium
1666 3765 2039 3842 sociorum.
2139 3774 2274 3844 Per

306 3889 595 3964 eosdem
625 3887 777 3961 dies
810 3887 1273 3982 Amynander
1300 3911 1467 3959 cum
1504 3887 1991 3961 Athamanum
2013 3890 2268 3983 juven-

308 4031 461 4084 tute
489 4029 799 4103 occupat
834 4005 1312 4080 Pellinaeum:
1366 4007 1439 4076 ὅτ
1476 4006 1895 4103 Μεηίρρυε,
1950 4033 2118 4082 cum
2150 4009 2269 4082 tri·

306 4133 443 4205 bus
480 4127 802 4203 millibus
830 4125 1151 4225 peditum
1180 4127 1598 4201 Aetolorum
1627 4133 1695 4201 ὅτ
1717 4127 2042 4203 ducentis
2070 4128 2268 4226 equi-

1332 4269 1393 4342 C
