3100 5359
779 715 920 792 282
1449 717 2083 792 T.L1v11

779 901 832 936 ‘⁸
867 910 1172 991 agerent.
1273 887 1671 989 Equidem,
1706 917 1839 966 nec
1870 891 2054 991 quid
2078 911 2377 980 taceam.
2402 914 2539 970 nec
2572 919 2745 994 qua·

779 1021 834 1056 ‘⁸
867 1033 1072 1086 tenus
1099 1011 1503 1109 proloquar,
1530 1009 1855 1084 invenio:
1916 1015 1963 1085 fi
1994 1011 2271 1111 aliquid
2306 1013 2747 1112 ignorabitis,

777 1142 830 1177 ‘⁸
863 1159 954 1206 ne
983 1133 1226 1207 locum
1251 1129 1737 1230 neglegentiae
1758 1132 1961 1205 dem:
2014 1136 2061 1206 fi
2092 1132 2336 1208 omnia
2359 1137 2743 1226 nudavere,

777 1263 830 1298 “
865 1279 956 1326 ne
1025 1247 1338 1326 nimium
1399 1251 1675 1326 terroris
1726 1249 2125 1327 obfundam
2180 1252 2415 1342 vobis,
2480 1279 2741 1332 vereor.

775 1383 828 1418 ‘⁶
865 1370 1257 1474 Qidquid
1313 1371 1591 1460 dixer0,
1650 1371 1918 1460 minus,
1977 1399 2197 1470 quam
2222 1398 2349 1472 pro
2380 1377 2741 1451 atrocitate

775 1505 826 1540 ‘⁶
863 1493 940 1566 δι
973 1491 1469 1594 magnitudine
1499 1491 1627 1579 rei,
1662 1491 1942 1566 dietum
1973 1492 2216 1568 scitote
2251 1496 2407 1570 effe.
2508 1498 2619 1571 Ut
2650 1497 2739 1570 ad

773 1625 826 1660 “
861 1614 1262 1690 cavendum
1295 1611 1452 1688 satis
1477 1615 1583 1702 fit,
1619 1612 1905 1687 dabitur
1936 1640 2209 1712 operaa
2240 1613 2471 1690 nobis.
2572 1619 2738 1693 Bac-

771 1745 822 1778 “
857 1733 1178 1810 chanalia
1209 1755 1358 1808 tota
1375 1734 1528 1830 jam
1565 1733 1847 1830 pridem
1880 1735 2109 1822 Italia,
2140 1739 2209 1810 δε
2242 1760 2441 1810 nunc
2473 1761 2598 1834 per
2624 1763 2736 1811 ur-

767 1866 821 1902 “
856 1859 1024 1932 bem
1077 1854 1294 1930 etiam
1347 1853 1591 1929 multis
1642 1855 1817 1930 locis
1860 1857 2023 1943 effe,
2078 1883 2223 1930 non
2286 1853 2475 1930 fama
2518 1859 2739 1931 modo

767 1987 820 2022 “
853 1975 1191 2073 accepifl'e
1221 2000 1376 2064 vos,
1405 1974 1526 2050 sed
1558 1974 1945 2073 crepitibus
1977 1973 2193 2051 etiam
2212 1975 2737 2074 ululatibusque
2812 2007 2828 2026 ·

765 2107 820 2142 ‘⁴
855 2094 1244 2184 nocturnis,
1271 2094 1402 2196 qui
1435 2093 1804 2196 personant
1838 2115 1985 2168 tota
2026 2099 2229 2183 urbe,
2286 2117 2559 2172 certum
2616 2100 2735 2172 ha-

764 2225 816 2262 “
853 2219 1037 2305 be03
1091 2235 1432 2306 ceterum,
1461 2241 1647 2314 quae
1678 2241 1761 2290 ea
1791 2240 1896 2290 res
1927 2220 2031 2304 fit,
2080 2215 2425 2314 ignorare.
2530 2215 2733 2292 Alios

762 2347 816 2382 ‘⁸
853 2339 1180 2412 Deorum
1231 2335 1544 2434 aliquem
1590 2338 1896 2425 cultum,
1956 2335 2129 2411 alios
2172 2336 2581 2412 concess'um
2624 2340 2733 2412 lu-

759 2467 814 2503 ⁸‘
846 2459 1028 2533 dum
1063 2461 1132 2532 ὅτ
1161 2455 1516 2534 lasciviam
1542 2459 1678 2531 effe
1702 2458 2010 2545 credere,
2054 2461 2153 2544 δε,
2200 2457 2729 2556 qualecumque

761 2589 813 2624 “
849 2581 954 2666 fit,
987 2579 1083 2652 ad
1126 2603 1390 2676 paucos
1439 2575 1809 2676 pertinere.
1909 2578 2135 2678 Qiod
2176 2578 2269 2652 ad
2328 2577 2731 2652 multitudi-

761 2709 814 2743 “
853 2721 1018 2772 nem
1047 2723 1298 2772 eorum
1329 2697 1629 2786 adtinet,
1666 2697 1719 2770 fi
1749 2696 2027 2786 dixero,
2090 2698 2319 2771 multa
2349 2696 2575 2771 millia
2604 2699 2730 2772 ho-

759 2829 812 2864 “
849 2815 1134 2891 minum
1198 2818 1358 2906 effe,
1413 2815 1609 2893 illico
1668 2819 1935 2892 necess'e
1998 2817 2125 2905 est,
2192 2814 2727 2903 exterreamini3

757 2949 811 2984 “
849 2937 973 3013 nifi
991 2937 1411 3034 adjunxem,
1434 2936 1565 3036 qui
1586 2935 1967 3037 qualesque
1994 2940 2144 3011 fint.
2244 2935 2571 3011 Primum
2598 2934 2727 3036 igi-

756 3068 808 3103 “
847 3081 964 3134 tur
987 3056 1373 3133 mulierum
1405 3083 1667 3158 magna
1687 3083 1841 3156 pars
1874 3058 1999 3146 est,
2036 3061 2102 3132 δι
2136 3054 2191 3132 is
2212 3056 2371 3132 fons
2398 3056 2567 3132 mali
2596 3059 2726 3130 hu·

755 3190 808 3224 “
831 3177 1030 3277 jusce
1067 3177 1255 3252 fuit:
1307 3177 1571 3252 deinde
1600 3175 1937 3252 simillimi
1969 3176 2257 3252 feminis
2292 3203 2541 3266 mares,
2578 3177 2719 3252 stu-

754 3310 808 3345 “
843 3299 1030 3400 prati
1087 3298 1164 3371 &
1221 3298 1805 3396 constupratores,
1848 3297 2137 3374 fanatici
2175 3297 2471 3398 vigiles3
2528 3297 2723 3385 vine,

755 3430 808 3465 “
843 3416 1276 3517 strepitibus,
1343 3415 1911 3518 clamoribusque
1976 3420 2340 3494 noeturnis
2400 3417 2723 3494 adtoniti.·

753 3549 808 3584 “
841 3541 1098 3616 Nullas
1149 3540 1386 3614 adhuc
1447 3534 1632 3612 vires
1681 3538 2102 3636 conjuratiO,
2149 3561 2461 3616 ceterum
2502 3539 2721 3614 incre-

752 3669 804 3705 “
839 3681 1170 3734 mentum
1229 3657 1480 3759 ingens
1539 3656 1800 3732 virium
1866 3659 2107 3747 habet,
2173 3661 2381 3759 quod
2438 3659 2515 3733 in
2574 3659 2721 3735 dies

750 3791 804 3828 ‘⁶
835 3783 1072 3879 plures
1097 3781 1305 3855 fiunt.
1403 3778 1717 3875 Majores
1740 3777 1974 3866 vestri,
1996 3806 2085 3856 ne
2106 3805 2231 3854 vos
2250 3779 2577 3879 quidem,
2600 3781 2721 3853 nifi

751 3913 804 3946 ‘⁸
839 3925 1074 4001 quum
1124 3917 1276 3988 aut,
1329 3897 1595 3974 vexillo
1646 3897 1724 3972 in
1770 3925 1927 3974 arce
1979 3903 2225 3998 pofit0,
2266 3899 2723 3976 comitiorum

747 4032 800 4070 “
839 4021 1068 4098 cauffa
1098 4019 1450 4096 exercitus
1483 4021 1788 4094 eduCtus
1822 4021 2013 4106 efl'et,
2048 4041 2173 4094 aut
2197 4019 2387 4118 plebi
2426 4021 2717 4097 concili-

747 4153 800 4210 ε·
833 4165 964 4230 um
997 4139 1268 4216 tribuni
1301 4138 1702 4230 edixissent,
1732 4159 1856 4215 aut
1886 4138 2146 4239 aliquis
2174 4165 2265 4218 ex
2306 4140 2715 4242 magistrati-
