3100 5359
863 735 940 810 L
979 760 1008 809 1
1057 761 1099 810 B
1147 761 1193 809 Ε
1239 759 1308 810 R·
1389 737 1781 810 XXXVII.
2229 739 2311 810 81

343 911 581 986 nofflo
612 936 834 985 verno
867 913 1208 987 eumdem
1237 911 1726 986 Pausistratum
1760 912 1973 986 claffis
2002 908 2309 1008 praefec-

345 1051 500 1106 tum
534 1056 706 1107 cum
741 1029 860 1105 sex
900 1035 969 1105 &
1005 1029 1289 1130 triginta
1334 1030 1635 1106 navibus
1686 1029 2043 1105 miserunt.
2144 1031 2311 1124 Jam

343 1148 596 1224 Livius
621 1176 666 1224 a
683 1136 896 1224 Canis
917 1177 1088 1225 cum
1109 1149 1394 1250 triginta
1427 1151 1725 1226 navibus
1751 1155 1820 1225 ὅτ
1848 1149 2107 1248 septem
2131 1175 2305 1249 qua-

346 1268 794 1356 driremibus,
847 1296 1025 1368 quas
1055 1269 1294 1345 secum
1331 1274 1689 1346 Eumenes
1717 1297 1838 1344 rex
1884 1272 2303 1357 adduxerat,

348 1385 894 1486 Hellespontum
916 1392 1236 1486 petebat3
1287 1410 1371 1464 ut
1414 1393 1508 1464 ad
1541 1393 1897 1464 transitum
1933 1387 2309 1475 exercitus,

348 1533 563 1605 quem
629 1530 806 1583 terra
870 1530 1254 1618 venturum
1320 1508 1770 1606 opinabatur,
1848 1530 2307 1609 praepararet,

345 1651 522 1725 quae
557 1653 734 1726 opus
764 1631 999 1703 effent.
1033 1630 1120 1702 In
1148 1649 1463 1727 portum,
1491 1656 1711 1729 quem
1740 1651 1996 1704 vocant
2028 1631 2307 1718 Achae-

344 1771 572 1833 orum,
656 1749 934 1822 clafl'em
1018 1747 1334 1846 primum
1395 1751 1718 1824 advertit.
1836 1752 2013 1824 Inde
2088 1747 2307 1822 Ilium

345 1863 730 1954 adscendit,
794 1866 1277 1966 sacrificioque
1326 1869 1701 1943 Minervae
1754 1868 1967 1956 facto,
2020 1868 2309 1966 legatio-

345 2011 464 2059 nes
495 1983 833 2060 finitimas
865 1991 956 2062 ab
1005 1990 1378 2076 Elaeunte,
1431 1993 1496 2063 δι
1537 1990 1903 2076 Dardano,
1956 1993 2024 2061 δε
2061 1990 2307 2061 Rhoe-

347 2124 488 2192 te0,
541 2106 888 2181 tradentes
914 2106 986 2180 in
1017 2109 1237 2182 fidem
1271 2107 1588 2182 civitates
1614 2107 1790 2197 suas»,
1844 2107 2151 2206 benigne
2183 2133 2309 2181 au-

345 2223 546 2299 divit.
620 2228 825 2318 ¹Inde
879 2228 970 2301 ad
1027 2225 1476 2326 Hellesponti
1528 2226 1764 2302 fauces
1819 2225 2137 2323 navigan
2208 2231 2307 2314 &,

346 2345 596 2420 decem
633 2344 931 2420 navibus
967 2344 1041 2419 in
1077 2345 1368 2420 statione
1389 2367 1633 2422 eontra
1653 2347 1999 2444 Abydum
2027 2345 2308 2435 relietis,

345 2485 570 2539 cetera
600 2466 802 2539 clafl'e
834 2464 909 2540 in
933 2468 1296 2565 Europam
1323 2468 1412 2540 ad
1448 2465 1722 2540 Sestum
1749 2467 2310 2563 obpugnandam

343 2582 630 2680 trajecit.
729 2585 893 2678 Jam
936 2584 1400 2659 subeuntibus
1443 2584 1721 2659 armatis
1755 2611 1994 2660 muros
2023 2583 2309 2662 fanatici

347 2703 536 2778 Galli
589 2702 906 2801 primurn
947 2730 1116 2779 cum
1163 2702 1480 2778 sollemni
1522 2703 1772 2780 habitu
1824 2728 1983 2779 ante
2029 2719 2305 2802 portam

343 2825 750 2898 obcurrunt.
850 2825 1052 2918 Juffu
1101 2822 1166 2897 se
1212 2822 1452 2898 matris
1487 2826 1729 2900 Deum
1763 2823 2065 2900 famulos
2112 2828 2307 2901 Deae

340 2942 580 3018 venire
620 2964 1040 3032 memorant,
1101 2945 1193 3017 ad
1237 2944 1673 3041 precandum
1728 2945 2175 3034 Romanum,
2228 2967 2311 3020 ut

341 3082 654 3159 parceret
687 3062 1063 3138 moenibus
1100 3062 1431 3160 urbique.
1529 3063 1775 3137 Nemo
1812 3089 2059 3138 eorum
2091 3065 2307 3140 viola-

343 3205 456 3257 tus
480 3182 614 3286 est:
669 3208 842 3256 mox
884 3181 1246 3256 universus
1280 3180 1554 3256 senatus
1588 3208 1758 3256 cum
1791 3182 2307 3282 magistratibus

337 3302 430 3376 ad
495 3302 900 3376 dedendam
959 3304 1210 3376 urbem
1257 3304 1600 3399 proceffit.
1718 3302 1898 3376 Inde
1950 3305 2305 3402 Abydum

340 3421 622 3518 trajefilza
649 3423 886 3496 claffis.
987 3421 1424 3519 Ubiquum,
1459 3419 1741 3496 tentatis
1772 3447 1896 3519 per
1922 3422 2307 3521 conloquia

342 3538 626 3628 animis,
678 3538 857 3614 nihil
887 3540 1114 3639 pacati
1142 3538 1701 3639 responderetur,
1752 3543 1843 3615 ad
1875 3542 2303 3642 obpugnati-

341 3661 560 3735 onem'
592 3658 726 3734 sese
760 3660 1255 3757 expediebant.

441 3781 541 3854 X.
643 3781 847 3854 Dum
867 3781 1039 3854 haec
1061 3779 1135 3852 in
1157 3778 1628 3879 Hellesponto
1648 3802 2012 3878 geruntur,
2041 3782 2301 3878 Polyx-

340 3897 586 3974 enidas
632 3896 863 3996 regius
913 3898 1328 3997 praefectus,
1387 3905 1559 3996 (erat
1593 3921 1832 3973 autem
1865 3899 2063 3975 exsul
2092 3903 2299 3974 Rho-

337 4018 538 4110 dius)
570 4042 800 4115 quum
828 4018 1147 4106 audisset,
1197 4016 1585 4117 prestitam
1619 4021 1709 4092 ab
1743 4020 1965 4094 domo
2006 4023 2300 4118 popula·

333 4137 530 4213 rium
556 4135 846 4212 suorum
886 4139 1188 4226 claffem,
1241 4141 1311 4212 ὅτ
1346 4137 1835 4238 Pausistratum
1866 4136 2299 4238 praefectum

1293 4258 1370 4330 G
