3100 5359
991 737 1462 814 Ltnzr.
1564 738 1733 815 XL.
2188 765 2369 839 -391

387 909 612 988 babili
659 903 1208 986 adcommodata
1239 911 1404 986 fide.
1505 909 1751 986 Primo
1785 912 1877 986 ab
1908 907 2184 998 amicis»,
2236 907 2367 1008 qui

391 1030 473 1105 in
506 1056 578 1106 re
611 1030 950 1129 praesenti
977 1031 1295 1121 fuerunt,
1345 1031 1507 1107 libri
1531 1031 1720 1107 lee’ti.
1822 1033 2013 1106 Mox
2046 1027 2369 1136 pluribus

386 1150 786 1250 legentibus
813 1178 1045 1252 quum
1070 1155 1551 1252 vulgarentur,
1604 1159 1715 1258 Q
1736 1151 2059 1230 Petillius
2086 1170 2361 1249 praetor

390 1273 730 1361 urbanus,
765 1271 1115 1348 studiosus
1145 1272 1454 1373 legendi,
1489 1299 1609 1348 eos
1640 1273 1857 1349 libros
1883 1299 1925 1348 a
1956 1274 2051 1347 L.
2084 1269 2371 1346 Petillio

393 1389 652 1466 sumfit.
754 1395 852 1467 Et
914 1414 1061 1468 erat
1117 1391 1476 1468 familiaris
1534 1392 1727 1483 usuS,
1798 1393 2003 1492 quod
2067 1390 2368 1467 scribam

387 1535 562 1586 eum
626 1511 950 1612 quaestor
1005 1511 1451 1614 QPetillius
1516 1512 1593 1587 in
1657 1512 2019 1589 decuriam
2085 1513 2369 1612 legerat.

391 1628 636 1705 Laetis
660 1657 898 1707 rerum
923 1631 1242 1721 summis,
1293 1658 1526 1732 quum
1550 1632 2169 1722 animadvertisset,
2221 1633 2369 1731 ple-

383 1777 602 1850 raque
636 1749 1233 1829 diffolvendarum
1266 1753 1696 1854 religionum
1731 1757 1891 1843 effe,
1942 1757 2037 1828 L.
2070 1752 2361 1828 Petillio

390 1870 604 1960 dixit,
636 1881 690 1916 “
725 1870 881 1947 Sese
913 1899 1032 1948 eos
1058 1871 1274 1949 libros
1299 1873 1376 1948 in
1405 1874 1651 1974 ignem
1682 1875 2171 1970 conjeeturum
2208 1876 2367 1949 effe.

391 2000 445 2036 “
482 1991 715 2083 Prius,
766 2017 986 2092 quam
1015 1990 1092 2068 id
1126 1991 1407 2082 faceret,
1460 1991 1528 2068 se
1562 1992 1625 2068 ei
1652 1992 2091 2092 permittere,
2141 1991 2277 2084 uti,
2319 1996 2369 2068 fi

392 2121 447 2156 “
482 2113 687 2209 quod
729 2111 848 2187 seu
895 2112 1041 2209 jur»,
1100 2111 1214 2187 seu
1271 2111 1623 2188 auxilium
1681 2112 1747 2188 se
1796 2115 2052 2189 habere
2102 2113 2196 2186 ad
2248 2137 2371 2188 eos

391 2241 445 2278 “
477 2232 694 2308 libros
761 2233 1176 2332 repetendos
1235 2232 1686 2323 existimaret,
1756 2233 2231 2334 experiretur:
2286 2232 2368 2308 id

389 2351 752 2453 “integra
795 2351 918 2428 sua
967 2351 1190 2452 gratia
1239 2376 1410 2428 eum
1457 2351 1881 2430 saetarum?
1961 2353 2207 2430 Scriba
2238 2353 2364 2429 tri-

401 2477 639 2550 bunos
697 2471 924 2572 plebis
965 2471 1156 2548 adit:
1209 2475 1301 2548 ab
1355 2473 1659 2549 tribunis
1720 2476 1813 2548 ad
1878 2459 2197 2552 serratum
2259 2500 2367 2550 res

391 2592 495 2669 est
538 2595 808 2691 rejeeta.
907 2597 1192 2669 Praetor
1223 2591 1290 2668 se
1311 2592 1812 2690 jusjurandum
1844 2595 2009 2672 dare
2043 2616 2367 2694 paratum

391 2717 528 2790 effe
562 2715 814 2812 ajebat,
860 2714 1076 2789 libros
1103 2741 1222 2788 eos
1252 2711 1396 2813 legi
1424 2712 1816 2814 servarique
1843 2740 1989 2790 non
2024 2736 2367 2814 oportere.

379 2835 689 2911 Senatus
722 2832 1016 2922 censuit,
1078 2844 1130 2878 “
1165 2832 1341 2912 Satis
1367 2834 1809 2922 habendum,
1862 2834 2064 2933 quod
2095 2857 2371 2935 praetor

393 2965 448 3000 “
470 2955 973 3052 jusjurandum
1006 2952 1477 3052 polliceretur.
1527 2953 1790 3030 Libros
1816 2954 2047 3054 primo
2074 2981 2367 3055 quoque

393 3083 800 3174 “tempore
855 3073 930 3147 in
975 3072 1271 3149 comitio
1317 3076 1733 3150 cremandos
1792 3077 1948 3150 effe.
2048 3075 2368 3152 Pretium

394 3204 448 3252 θ’
484 3221 616 3294 pro
647 3191 872 3282 libris,
923 3212 1272 3290 quantum
1308 3191 1727 3294 QPetillio
1758 3193 2056 3293 praetori
2088 3193 2369 3293 majori·

396 3325 450 3361 “
485 3339 628 3415 que
665 3313 843 3412 parti
887 3312 1338 3389 tribunorum
1372 3311 1601 3412 plebis
1633 3313 2015 3403 videretur,
2067 3315 2369 3391 domino

394 3444 448 3481 “
483 3436 616 3509 efl‘e
651 3433 1138 3509 solvendum.”
1214 3433 1303 3507 Id
1336 3433 1559 3509 scriba
1584 3460 1730 3511 non
1762 3435 2057 3536 accepit.
2155 3433 2368 3510 Libri

393 3553 474 3630 in
525 3553 849 3643 comitio,
899 3551 1067 3653 igne
1099 3579 1142 3627 a
1172 3551 1583 3630 vietimariis
1616 3553 1827 3646 saeco,
1878 3554 1955 3631 in
1987 3553 2367 3654 conspectu

389 3674 642 3776 populi
677 3673 965 3750 cremati
990 3672 1174 3748 sunt.

492 3796 744 3869 XXX.
845 3794 1209 3894 Magnum
1245 3795 1518 3869 bellum
1544 3819 1627 3869 ea
1650 3795 1899 3872 aestate
1934 3817 2259 3875 coortum
2294 3801 2370 3876 in

394 3912 748 4013 Hispania
774 3912 1115 3989 citeriore.
1217 3915 1341 3988 Ad
1367 3912 1696 4013 quinque
1728 3920 1795 3990 &
1831 3916 2119 4017 triginta
2150 3919 2373 3999 millia

393 4032 804 4125 hominum,
855 4054 1207 4134 quantum
1239 4057 1644 4132 numquam
1677 4034 1899 4112 ferme
1930 4062 2157 4129 antea,
2206 4042 2368 4116 Cel-

393 4152 606 4239 tiberi
655 4173 1248 4254 comparaverant.
1347 4156 1464 4255 Q
1493 4153 1792 4234 Fulvius
1852 4159 2154 4239 Flaccus
2216 4187 2373 4239 eam

1237 4273 1446 4388 Cc5
