3100 5359
999 714 1465 791 Lista
1565 713 1737 788 XL.
2227 734 2368 815 397

392 890 485 968 tri
512 887 891 967 Glabrioni
921 887 1181 989 posuit.
1280 892 1349 964 Is
1378 908 1550 976 erat,
1601 885 1733 987 qui
1765 885 1910 985 ipse
1931 910 2088 963 earn
2115 889 2370 964 aedem

388 1030 704 1101 voverat,
755 1034 907 1109 quo
936 1009 1059 1085 die
1090 1034 1263 1086 cum
1296 1034 1457 1109 rege
1490 1007 1864 1084 Antiocho
1887 1006 1986 1082 ad
2015 1009 2369 1084 Thermo·

391 1135 593 1234 pylas
630 1132 1091 1231 depugnaffet
1110 1160 1131 1203 ε
1181 1130 1674 1228 locaveratque
1715 1126 1914 1203 idem
1946 1154 2039 1205 ex
2069 1125 2372 1205 senatus·

394 1251 745 1329 consulto.
842 1254 980 1327 Per
1010 1248 1298 1325 eosdem
1330 1248 1509 1341 dies,
1542 1248 1812 1347 quibus
1843 1250 1976 1324 hae
2007 1250 2215 1325 aedes
2246 1250 2374 1324 de-

394 1371 670 1449 dicatae
727 1369 917 1460 sunt,
968 1372 1063 1445 L.
1094 1368 1449 1446 Aemilius
1513 1370 1806 1445 Paullus
1855 1368 2234 1469 proconsul
2282 1396 2376 1445 ex

394 1491 797 1593 Liguribus
816 1488 1157 1592 Ingaunis
1180 1490 1670 1591 triumphavit.
1758 1489 2152 1566 Transtulit
2176 1516 2376 1567 coro-

398 1640 524 1689 nas
582 1638 821 1689 aureas
880 1610 1207 1711 quinque
1274 1616 1343 1687 &
1408 1610 1692 1711 viginti.
1801 1614 1964 1687 Nec
2027 1631 2380 1710 praeterea
2423 1640 2434 1651 ·

396 1732 807 1834 quidquam
852 1730 1005 1807 auri
1046 1730 1464 1831 argentique
1508 1732 1586 1805 in
1613 1758 1700 1807 eo
1733 1728 2102 1829 triumpho
2127 1732 2378 1807 latum.

398 1854 687 1955 Captivi
741 1852 953 1931 multi
1015 1850 1371 1952 principes
1430 1850 1796 1950 Ligurum
1859 1872 2022 1925 ante
2083 1877 2380 1929 currum

398 1976 629 2051 ducti.
727 1973 935 2050 Aeris
986 1994 1305 2048 trecenos
1358 1970 1709 2045 militibus
1755 1968 2008 2045 divifit.
2127 1978 2378 2049 Auxe-

402 2118 573 2173 runt
602 2096 752 2191 ejus
776 2090 1123 2191 triumphi
1156 2090 1421 2167 famam
1445 2089 1656 2190 legati
1684 2090 2075 2189 Ligurum,
2125 2118 2382 2191 pacem

401 2234 817 2316 perpetuam
872 2233 1189 2288 orantes:
1263 2222 1315 2255 ‘⁴
1352 2211 1453 2287 ita
1502 2211 1580 2286 in
1629 2210 1955 2285 animum
2022 2210 2380 2289 induxiffe

402 2346 457 2381 “
494 2335 861 2435 Ligurum
918 2336 1231 2434 gentem3
1309 2333 1505 2406 nulla
1557 2356 1910 2430 umquam
1967 2359 2184 2424 arma,
2253 2334 2382 2411 nifi

405 2467 461 2502 “
498 2456 837 2555 imperata
860 2480 903 2529 a
922 2455 1191 2553 populo
1216 2455 1584 2541 Romane,
1617 2451 1958 2528 sumere.''
2055 2453 2382 2553 Respon-

403 2575 565 2653 sum
614 2602 659 2651 a
696 2574 1051 2678 QFabio
1075 2593 1385 2674 praetore
1417 2572 1520 2648 est
1546 2572 1944 2673 Liguribus
1963 2574 2158 2671 juffu
2189 2572 2383 2651 sena-

406 2718 551 2788 tus,
601 2708 655 2743 “
690 2694 1109 2773 Orationem
1134 2720 1292 2769 eam
1324 2719 1473 2769 non
1496 2719 1759 2769 novam
1785 2694 2186 2797 Liguribus
2209 2696 2382 2772 effe:

408 2828 463 2864 “
498 2843 704 2894 mens
752 2842 924 2893 vero
964 2836 1049 2891 ut
1078 2840 1267 2890 nova
1296 2818 1365 2889 ὅτ
1399 2812 1700 2889 orationi
1729 2815 2157 2891 conveniens
2191 2818 2384 2905 estet,

408 2949 464 2986 “
498 2938 815 3039 ipsorum
879 2936 963 3012 id
1024 2934 1419 3035 plurimum
1480 2933 1755 3010 referre.
1887 2936 2012 3011 Ad
2063 2935 2386 3013 consules

410 3071 466 3107 “
502 3059 711 3149 irent,
760 3064 862 3147 δε,
910 3082 1095 3157 quae
1136 3058 1229 3131 ab
1268 3054 1355 3129 iis
1388 3055 1728 3154 imperata
1759 3056 2002 3143 effent,
2052 3054 2384 3133 facerent.

410 3190 465 3226 ‘⁶
500 3179 711 3257 Nulli
762 3178 911 3268 alii,
960 3202 1183 3277 quam
1232 3173 1671 3264 consulibus,
1722 3174 2042 3251 senatum
2073 3176 2384 3251 creditu-

411 3310 467 3346 “
502 3326 667 3377 rum
722 3300 885 3389 effe,
932 3296 1197 3373 fincera
1254 3297 1401 3370 fide
1458 3295 1537 3369 in
1590 3321 1762 3393 pace
1819 3294 2126 3395 Ligures
2181 3298 2388 3375 effe.”

410 3424 565 3497 Pax
594 3419 674 3497 in
699 3418 1101 3520 Liguribus
1130 3416 1291 3493 fuit.
1392 3417 1479 3490 In
1512 3418 1789 3497 Corfica
1829 3436 2236 3516 pugnatum
2285 3418 2388 3495 est

410 3565 587 3619 cum
630 3542 881 3617 Corfis.
978 3540 1107 3614 Ad
1154 3540 1303 3614 duo
1354 3535 1582 3612 millia
1627 3562 1876 3612 eorum
1911 3538 2031 3615 M.
2063 3536 2390 3617 Pinarius

409 3682 690 3761 praetor
720 3660 798 3737 in
830 3658 980 3737 acie
1013 3657 1307 3735 occidit.
1410 3662 1579 3760 Qa
1611 3658 1810 3733 clade
1844 3660 2184 3759 compulfi
2207 3660 2389 3737 obfiz

410 3782 543 3857 des
568 3783 948 3871 dederunt,
970 3784 1039 3857 &
1061 3806 1258 3858 cerae
1283 3797 1578 3854 centum
1598 3777 1822 3853 millia
1838 3781 2110 3877 pondo·
2204 3783 2387 3857 Inde

408 3901 495 3979 in
524 3901 919 3978 Sardiniam
950 3898 1301 3978 exercitus
1331 3899 1620 3988 ductus,
1670 3900 1748 3973 ὅτ.
1783 3926 1954 3976 cum
1986 3900 2385 3992 Ilienfibus,

412 4042 629 4124 gente
654 4048 746 4099 ne
778 4048 975 4099 nunc
1010 4020 1313 4122 quidem
1329 4018 1531 4096 omni
1557 4040 1748 4119 parte
1773 4042 2044 4121 pacata,
2077 4020 2386 4098 secunda

412 4143 683 4243 proelia
702 4142 909 4222 faeta.
1004 4140 1702 4243 Karthaginiensibus
1726 4142 1984 4219 eodem
2006 4166 2196 4221 anno
2219 4167 2385 4219 cen·
