3100 5359
813 698 908 771 60
1501 696 2129 771 T.L1vxr

811 894 938 969 per
969 892 1297 956 errorem,
1350 889 1472 944 aut
1513 867 1945 945 adsentando
1972 867 2296 947 faciebat.
2394 866 2769 947 Hannibal

809 1014 1024 1077 unus,
1073 989 1276 1085 cujus
1307 1014 1394 1063 eo
1427 1009 1745 1089 tempore
1777 993 1889 1065 vel
1934 988 2249 1065 maxima
2291 991 2485 1090 apud
2525 1017 2769 1091 regem

806 1106 1180 1185 auctoritas
1207 1130 1376 1197 erat,
1428 1120 1480 1154 “
1501 1110 1747 1210 Magis
1776 1108 2011 1185 mirari
2032 1108 2174 1199 se,”
2203 1110 2457 1208 ajebat,
2492 1120 2542 1155 “
2566 1112 2771 1210 quod

811 1238 864 1273 “
897 1227 1318 1326 nonjamin
1351 1232 1514 1305 Asia
1543 1231 1763 1305 effent
1786 1228 2131 1318 Romani,
2182 1256 2403 1330 quam
2433 1248 2767 1306 venturos

795 1359 862 1394 ⁴‘
897 1347 1246 1425 dubitare.
1342 1350 1647 1447 Propius
1698 1352 1857 1439 effe,
1906 1350 1985 1425 in
2034 1354 2271 1427 Afiam
2312 1376 2403 1425 ex
2436 1349 2761 1439 Graecia,

811 1479 862 1513 “
897 1494 1120 1569 quam
1151 1492 1244 1543 ex
1281 1467 1484 1544 Italia
1515 1468 1589 1545 in
1618 1470 1994 1547 Graeciam
2022 1470 2374 1568 trajiceret
2426 1474 2495 1546 δι
2530 1470 2769 1545 multo

806 1600 860 1635 “
891 1588 1230 1687 majorem
1281 1592 1585 1665 cauffam
1632 1589 2109 1679 Antiochum,
2169 1616 2389 1691 quam
2439 1592 2767 1680 Aetolos,

808 1719 860 1755 “
895 1710 1054 1783 effe.
1161 1711 1424 1808 Neque
1475 1708 1671 1785 enirn
1726 1710 1901 1785 mari
1962 1710 2227 1798 minus,
2298 1736 2515 1810 quam
2567 1730 2771 1800 terra,

809 1838 860 1873 “
895 1830 1156 1927 pollere
1185 1830 1518 1903 Romana
1547 1854 1759 1905 arma.
1858 1830 2303 1931 Jampridem
2328 1832 2607 1906 claffem
2630 1827 2767 1907 cir-

808 1959 860 1994 “
895 1974 980 2025 ca
1007 1948 1322 2023 Maleam
1355 1950 1511 2024 effe.
1613 1949 1891 2026 Audire
1927 1949 2088 2038 sese,
2138 1976 2366 2049 nuper
2393 1976 2609 2025 novas
2642 1976 2766 2025 na·

808 2079 860 2112 “
891 2094 1014 2143 ves
1045 2091 1462 2167 novumque
1493 2068 1993 2169 imperatorem
2024 2068 2123 2145 rei
2154 2070 2499 2170 gerendae
2532 2072 2769 2147 cauffa

805 2202 858 2235 “
891 2216 982 2265 ex
1037 2189 1236 2264 Italia
1283 2188 1565 2263 venisse.
1672 2192 1923 2289 Itaque
1968 2192 2307 2267 delineret
2359 2190 2767 2267 Antiochus

803 2320 854 2355 “
889 2336 1138 2409 pacem
1171 2308 1293 2386 fibi
1333 2307 1478 2407 ipse
1503 2307 1623 2408 spe
1648 2336 1829 2386 vana
1858 2310 2107 2387 facere.
2204 2314 2291 2387 In
2326 2314 2515 2400 Afia,
2568 2315 2637 2385 ὅτ
2668 2311 2765 2387 de

803 2442 854 2477 ‘⁴
889 2428 1038 2530 ipsa
1081 2427 1274 2517 Afia,
1324 2429 1522 2505 brevi
1572 2450 1750 2505 terra
1792 2430 2111 2530 marique
2150 2429 2649 2507 dimicandum
2692 2428 2763 2505 ei

801 2560 852 2595 ‘⁶
887 2576 1060 2625 cum
1103 2549 1450 2625 Romanis
1484 2553 1617 2626 efl'e
1640 2582 1661 2624 ε
1711 2552 1788 2624 ὅτ,
1832 2573 1957 2625 aut
2008 2550 2387 2651 imperium
2440 2550 2762 2626 adimen-

799 2681 852 2715 “
887 2671 1068 2744 dum
1131 2671 1376 2743 orbem
1435 2690 1773 2745 terrarum
1836 2669 2379 2760 adfectantibus,
2447 2690 2574 2751 aut
2634 2670 2763 2767 ipfi

802 2800 854 2834 “
891 2813 1192 2888 regnum
1211 2788 1757 2866 amittendum.”
1856 2792 2073 2867 Unus
2090 2796 2341 2867 vera&
2363 2788 2763 2888 providere,

801 2907 876 2983 81.
919 2908 1220 2985 fideliter
1251 2908 1653 3008 praedicere
1687 2907 1897 2985 visus.
1999 2912 2251 3010 Itaque
2296 2909 2442 3010 ipse
2476 2936 2601 2985 rex
2634 2937 2761 2985 na-

801 3028 1036 3117 vibus,
1086 3054 1272 3130 quae
1303 3050 1579 3127 paratae
1616 3030 2133 3129 instructaeque
2182 3052 2404 3120 erant,
2464 3030 2762 3107 Cherso-

797 3150 1044 3227 nesum
1100 3148 1282 3248 petit
1299 3182 1324 3238 3
1395 3172 1480 3225 ut
1531 3178 1616 3227 ea
1654 3152 1835 3239 loca,
1906 3154 1953 3225 fi
2010 3150 2188 3227 forte
2225 3172 2407 3227 terra
2438 3151 2763 3227 venirent

795 3270 1143 3359 Romani,
1220 3269 1573 3370 praesidiis
1634 3272 1961 3346 firmaret.
2086 3274 2411 3348 Ceteram
2476 3272 2759 3348 claffem

793 3389 1310 3492 Polyxenidam
1339 3416 1577 3489 parare
1606 3396 1677 3465 ὅτ
1706 3392 2061 3467 deducere
2078 3386 2318 3489 juffit3
2371 3390 2759 3490 speculato-

794 3512 927 3588 rias
959 3537 1168 3587 naves
1211 3512 1302 3587 ad
1347 3510 1593 3586 omnia
1636 3510 2067 3611 exploranda
2108 3510 2299 3589 circa
2345 3510 2601 3587 insulas
2643 3511 2755 3586 di-

795 3631 997 3709 mifit.

891 3752 1132 3827 XLII.
1230 3754 1318 3827 C.
1352 3750 1635 3840 Livius,
1686 3750 2075 3850 praefectus
2106 3754 2479 3831 Romanae
2508 3753 2755 3843 claffis,

792 3898 964 3950 cum
1015 3870 1538 3972 quinquaginta
1592 3872 1891 3948 navibus
1956 3871 2159 3948 tectis
2215 3871 2597 3971 profectus,
2659 3876 2759 3951 ab

790 3995 1032 4068 Roma
1075 3992 1487 4092 Neapolim,
1535 4018 1689 4092 quo
1730 3997 1821 4068 ab
1865 3992 2069 4069 sociis
2110 3993 2259 4089 ejus
2302 4019 2460 4071 orae
2492 4020 2757 4071 conve-

793 4113 941 4189 nire
961 4113 1250 4209 jusserat
1284 4134 1552 4212 apertas
1586 4139 1815 4203 naves,
1866 4138 2051 4213 quae
2084 4139 2175 4190 ex
2204 4113 2487 4191 foedere
2534 4116 2757 4191 debe-
