3100 5359
1016 729 1482 804 Lrnan
1583 731 1755 806 XL.
2232 757 2369 834 351

400 899 844 976 introdufflte
901 895 1084 976 sunt.
1183 898 1426 976 Prima
1478 899 1827 976 Eumenis
1880 904 1951 976 δε
1994 901 2375 978 Pharnacis

401 1045 681 1120 regum,
735 1023 803 1095 &
839 1019 1302 1095 Rhodiorum
1337 1019 1795 1118 querentium
1837 1022 1931 1096 de
1980 1021 2376 1121 Sinopenfi-

401 1166 531 1214 um
559 1140 783 1215 clade.
875 1137 1193 1240 Philippi
1215 1122 1522 1239 vquoque
1549 1139 1789 1240 legati,
1818 1145 1889 1216 &
1914 1142 2376 1220 Achaeorum

403 1263 472 1344 ,ὅτ
505 1258 1272 1350 Lacedaemoniorum,
1301 1259 1432 1338 sub
1461 1260 1659 1336 idem
1688 1281 1973 1362 tempus
2000 1283 2373 1338 venerunt.

401 1379 524 1469 lis,
581 1379 780 1477 prius
831 1379 1117 1456 Marcio
1181 1379 1457 1470 audito,
1524 1379 1656 1480 qui
1708 1382 1801 1457 ad
1864 1407 1970 1456 res
2038 1380 2377 1458 Graeciae

407 1498 1028 1598 Macedoniaeque
1056 1498 1375 1576 visendas
1401 1501 1643 1577 miffus
1674 1523 1845 1592 erat,
1871 1501 2190 1604 responsa
2220 1505 2385 1580 data

399 1620 582 1698 sunt.
682 1623 886 1696 Afiae
941 1619 1227 1720 regibus
1273 1647 1356 1697 ac
1425 1621 1739 1696 Rhodiis
1796 1620 2205 1723 responsum
2248 1623 2376 1713 est,

403 1743 676 1842 legatos
706 1742 800 1815 ad
829 1766 942 1816 eas
973 1766 1080 1816 res
1113 1739 1431 1816 visendas
1459 1741 1834 1820 miffurum
1868 1742 2211 1820 senatum.

493 1864 626 1940 ΠΙ.
759 1863 875 1938 De
953 1859 1292 1960 Philippo
1357 1883 1647 1937 auxerat
1705 1888 1953 1938 curam
2020 1863 2372 1942 Marcius·
2528 1827 2535 1838 ’

401 1985 600 2058 Nam
643 1979 743 2056 ita
775 1979 1008 2057 fecisse
1039 2007 1236 2069 eum,
1287 2007 1468 2080 quae
1493 1981 1763 2057 senatui
1797 1982 2238 2081 placuifl'ent‚
2272 1985 2377 2062 fa-

403 2103 710 2190 tebatur,
760 2121 848 2174 ut
892 2100 1097 2177 facile
1151 2103 1540 2200 adpareret,
1598 2126 1743 2177 non
1796 2101 2099 2192 diutius,
2156 2129 2380 2205 quam

403 2224 670 2298 necesse
722 2223 912 2310 eflet,
972 2220 1352 2296 facturum.
1461 2225 1730 2321 Neque
1781 2223 2168 2300 obscurum
2230 2247 2377 2302 erat

403 2344 933 2430 rebellaturum,
984 2339 1397 2441 omniaque,
1451 2367 1638 2441 quae
1682 2361 1858 2418 tunc
1898 2365 2142 2444 ageret
2184 2345 2378 2422 dice-

407 2484 681 2562 retque,
743 2489 835 2538 eo
883 2460 1212 2562 spectare.
1307 2464 1474 2558 Jam
1519 2462 1839 2562 primum
1891 2490 2185 2542 omnem
2236 2465 2381 2544 fere

409 2582 956 2660 multitudinem
1035 2580 1310 2657 civium
1374 2608 1466 2656 ex
1531 2581 1906 2661 maritimis
1973 2583 2381 2664 civitatibus

403 2728 578 2778 cum
629 2701 916 2778 familiis
947 2700 1087 2777 suis
1123 2701 1200 2776 in
1235 2700 1671 2791 Emathiam,
1716 2729 1902 2803 quae
1942 2730 2138 2782 nunc
2196 2707 2377 2784 dici-

409 2843 552 2915 tur,
634 2824 1006 2924 quondam
1055 2823 1404 2921 adpellata
1445 2821 1757 2898 Paeonia
1812 2823 1939 2914 est,
2021 2827 2338 2903 traduxit
2355 2859 2379 2903 ε

411 2944 954 3043 Thracibusque
979 2947 1048 3018 &
1081 2941 1236 3017 aliis
1269 2939 1580 3017 barbaris
1610 2944 1824 3018 urbes
1855 2943 2149 3021 tradidit
2180 2947 2382 3024 habi-

412 3065 684 3154 tandas»,
719 3063 976 3140 fidiora
1001 3065 1176 3138 haec
1207 3089 1466 3162 genera
1490 3061 1875 3138 hominum
1908 3063 2057 3141 fore
2082 3085 2273 3144 ratus
2302 3066 2381 3142 in

416 3185 752 3260 Romano
803 3185 1014 3260 bello.
1117 3185 1492 3282 Ingentem
1543 3209 1627 3258 ea
1676 3209 1783 3259 res
1826 3183 2193 3262 fremitum
2232 3208 2382 3264 tota

417 3303 854 3380 Macedonia
910 3303 1126 3392 fecit3
1208 3301 1827 3402 relinquentesque
1884 3326 2167 3404 penates
2222 3305 2381 3384 suos

415 3447 588 3498 cum
627 3422 1056 3524 conjugibus
1085 3449 1168 3498 ac
1201 3421 1442 3498 liberis
1474 3422 1689 3523 pauci
1726 3423 2025 3502 tacitum
2060 3427 2381 3504 dolorem

415 3542 924 3632 continebant;
975 3541 1617 3643 exsecrationesque
1668 3542 1747 3618 in
1778 3544 2189 3645 agminibus
2218 3573 2382 3646 pro·

413 3662 886 3740 ficiscentium
910 3664 988 3740 in
1021 3689 1288 3764 regem,
1334 3661 1665 3739 vincente
1697 3664 1869 3740 odio
1895 3685 2199 3757 metum,
2258 3693 2382 3744 ex·

415 3783 908 3862 audiebantur.
1009 3783 1154 3860 His
1205 3783 1404 3860 ferox
1440 3783 1724 3859 animus
1752 3811 1999 3862 omnes
2030 3786 2384 3877 homines,

417 3904 663 3980 omnia
688 3903 846 3982 loca
871 3925 1334 4004 temporaque
1361 3901 1671 4002 suspecta
1690 3905 2012 3982 habebat.
2114 3907 2383 3984 Postre-

417 4050 544 4100 mo
569 4049 824 4125 negare
853 4026 1216 4124 propalam
1245 4019 1510 4123 coepit,
1544 4021 1703 4100 satis
1734 4045 1974 4102 tutum
2008 4025 2133 4101 fibi
2165 4025 2381 4124 quid·

417 4169 639 4245 quarn
671 4146 832 4238 effe,
885 4145 1010 4222 nifi
1053 4144 1312 4222 liberos
1364 4169 1641 4233 eorum,
1702 4171 1884 4244 quos
1916 4143 2383 4236 interfecisset,
