3100 5359
943 686 1818 849 ‘LtnnRXL.i
2190 770 2331 845 417

370 918 761 994 tiberorum
793 917 893 993 ire
924 918 1163 993 liceret
1194 920 1285 993 ad
1304 916 1570 993 auxilia
1589 917 2025 1016 accipienda.
2090 918 2331 994 Sinon

364 1038 865 1137 impetrafl‘erm
915 1059 1075 1113 tum
1120 1037 1484 1136 separatim
1518 1066 1638 1113 eos
1669 1042 1758 1114 ab
1791 1040 1926 1114 illis
1959 1038 2026 1113 se
2055 1038 2330 1114 consul-

362 1180 581 1235 turos·
678 1159 1140 1235 Permittente
1170 1160 1524 1246 Gracch0,
1572 1159 1832 1247 ierunt,
1867 1159 1940 1231 δε
1971 1160 2126 1258 post
2159 1186 2330 1257 pau-

360 1278 467 1355 cis
504 1278 765 1356 diebus
792 1278 965 1353 alios
998 1280 1249 1353 decern
1282 1280 1546 1379 legatos
1579 1278 1819 1353 secum
1855 1280 2329 1353 adduxerunt.

360 1398 859 1475 Meridianum
909 1420 1190 1499 tempus
1239 1420 1405 1473 erat.
1504 1398 1713 1473 Nihil
1748 1399 1940 1498 prius
1971 1400 2327 1496 petierunt

358 1540 773 1618 a.praetore,
808 1546 1027 1618 quam
1054 1541 1137 1593 ut
1162 1519 1403 1595 bibere
1436 1520 1561 1599 fibi
1575 1522 1859 1616 juberet
1889 1520 2060 1596 dari.
2133 1524 2328 1618 Epo·

358 1638 451 1713 tis
472 1638 719 1739 primis
773 1639 1076 1738 poculis,
1147 1638 1405 1716 iterum
1472 1639 1941 1738 poposcerunt
1955 1673 1980 1726 ;
2063 1666 2326 1739 magno

356 1758 497 1834 risu
542 1758 1153 1835 circumstantium
1197 1759 1275 1833 in
1308 1780 1452 1833 tam
1482 1759 1782 1834 rudibus
1817 1765 1884 1835 δε
1921 1762 2138 1835 moris
2169 1787 2325 1835 orn·

356 1880 469 1955 nis
520 1880 777 1979 ignaris
829 1878 1154 1978 ingeniis.
1253 1883 1454 1954 Tum
1500 1879 1870 1954 maximus·
1896 1902 2062 1955 natu
2093 1908 2183 1958 ex
2213 1881 2324 1969 iis,

360 2010 416 2042 ‘⁶
449 1999 647 2073 Miffi
706 1999 1021 2089 sumus,’'
1068 1998 1334 2099 inquit,
1406 2011 1457 2043 “
1494 2026 1535 2075 a
1591 2020 1800 2099 gente
1869 2002 2122 2090 nostra,
2193 2001 2323 2100 qui

358 2128 411 2163 “
448 2117 976 2207 sciscitaremur,
1028 2124 1174 2217 q‘ua
1202 2122 1491 2195 tandem
1530 2146 1602 2195 re
1637 2120 1853 2196 fretus
1891 2148 2084 2204 arma
2119 2123 2326 2199 nobis

354 2248 413 2291 ‘⁸
446 2236 731 2317 inferres
747 2242 821 2313 ?’'
892 2240 1017 2314 Ad
1036 2242 1223 2320 hanc
1250 2238 1902 2338 percunciationem
1929 2246 2324 2332 Gracchus,

358 2371 409 2403 “
451 2362 789 2435 Exercitu
812 2360 877 2436 se
900 2361 1188 2461 egregio
1212 2363 1554 2437 fidentem
1579 2361 1909 2450 veniffe,’'
1927 2363 2284 2463 respondit
2298 2400 2322 2454 ς

356 2492 410 2523 “
446 2506 665 2579 quem
718 2484 765 2554 fi
816 2481 939 2579 ipfi
990 2480 1203 2555 visere
1238 2482 1485 2571 velint,
1537 2508 1688 2582 quo
1713 2482 2014 2559 certiora
2037 2487 2128 2559 ad
2162 2486 2322 2561 suos

354 2610 407 2651 ‘⁶
442 2598 767 2689 referant,
817 2602 1230 2697 potestatem
1284 2601 1351 2676 se
1403 2603 1501 2676 eis
1538 2600 1892 2678 facturum
1935 2606 2068 2679 effe
2086 2604 2320 2681 :’'·tri-

352 2718 707 2818 bunifque
766 2719 1083 2796 militum
1126 2720 1473 2829 imperat,
1522 2744 1606 2797 ut
1647 2720 1879 2799 ornari
1915 2751 2162 2801 ornnes
2200 2754 2320 2803 co-

350 2839 503 2939 pias
565 2839 893 2939 peditum
960 2840 1459 2939 equitumque,
1512 2847 1582 2917 ac
1623 2846 1990 2921 decurrere
2021 2848 2323 2941 jubeant

350 2981 665 3037 armatas.
764 2963 889 3040 Ab
921 2962 1059 3036 hoc
1093 2960 1487 3059 spefimculo
1516 2964 1728 3063 legati
1756 2966 1932 3039 missi
1967 2970 2318 3044 deterrue-

350 3100 517 3153 runt
570 3078 735 3153 suos
788 3084 879 3154 ab
936 3081 1211 3155 auxilio
1257 3081 1733 3159 circumsessae
1791 3087 1952 3161 urbi
2003 3088 2316 3169 ferendo.

350 3198 741 3297 Oppidani,
778 3225 1005 3297 quum
1032 3201 1229 3301 ignes
1250 3205 1457 3277 noc‘ie
1482 3202 1808 3279 turribus
1829 3206 2316 3309 nequidquam

354 3322 592 3419 (quod
650 3324 929 3419 iignum
997 3324 1445 3416 convenerat)
1500 3322 1945 3413 sustulifl‘ent,
1999 3328 2314 3403 destituti

347 3444 441 3515 ab
508 3440 723 3515 unica
786 3440 905 3537 spe
972 3440 1247 3529 auxilii,
1327 3440 1399 3515 in
1455 3444 1896 3519 deditionem
1946 3474 2312 3525 venerunt.

348 3560 753 3635 Sestertium
822 3583 1069 3658 quater
1118 3560 1193 3631 &
1242 3559 1455 3636 vicies
1508 3566 1598 3637 ab
1651 3564 1736 3638 iis
1794 3568 1893 3641 est
1952 3574 2308 3660 exaustum,

346 3680 818 3781 quadraginta.
856 3679 1258 3757 nobiliffimi
1304 3682 1610 3779 equites:
1665 3710 1794 3760 nec
1823 3690 2148 3763 obfidum
2183 3719 2308 3767 no-

346 3801 569 3889 mine,
629 3806 823 3897 (nam
877 3800 1175 3874 militare
1217 3801 1378 3897 juffi
1418 3800 1608 3898 sunt)
1664 3804 2006 3882 &tamen
2043 3836 2113 3884 re
2141 3812 2308 3911 ipsa,

342 3942 427 3995 ut
460 3920 719 4019 pignus
747 3920 915 3997 fidei
952 3922 1185 3995 effent.
1834 3944 1842 3951 ·

442 4044 791 4119 XLVIII.
893 4043 1069 4115 Inde
1108 4042 1259 4137 jam
1320 4043 1533 4122 duxit
1579 4048 1669 4120 ad
1729 4050 1962 4123 Alcen
2027 4056 2305 4142 urbem,

346 4160 486 4236 ubi
528 4160 747 4235 castra
792 4160 1313 4239 Celtiberorum
1344 4186 1564 4253 erant,
1615 4193 1654 4239 a
1683 4168 1950 4265 quibus
1983 4196 2316 4249 venerant

1270 4286 1334 4356 E
1356 4310 1395 4357 e
