3100 5359
1054 710 1517 789 erlzn
1620 714 1792 789 XL.
2283 740 2426 821 375

444 872 705 957 Galam
736 882 1023 981 Syphax
1052 880 1221 959 inde
1244 885 1608 983 expulerat
1629 915 1648 959 z
1673 882 1965 982 postea,
2017 880 2095 957 in
2129 886 2426 985 gratiam

438 999 659 1077 soceri
696 1000 1190 1093 Hasdrubalis,
1242 1002 2172 1104 Karthaginiensibus-»dono
2205 1006 2422 1081 dede·-

437 1144 569 1199 rat.
668 1120 1279 1222 Karthaginienses
1313 1150 1399 1200 eo
1423 1135 1612 1199 anno
1647 1123 2004 1199 Mafiniffa
2033 1127 2417 1224 expulerat.

434 1242 672 1317 Haud
723 1241 997 1319 minore
1040 1242 1421 1319 certamine
1455 1242 1884 1329 animorum,
1933 1270 2150 1342 quam
2186 1268 2420 1342 quum

434 1358 621 1436 ferro
663 1362 740 1437 δε
784 1360 935 1437 acie
968 1360 1428 1453 dimicarunt,
1482 1389 1588 1437 res
1616 1364 1985 1462 acta‘apud
2019 1366 2416 1439 Romanos·

427 1481 1069 1582 KarthaginienseS,
1155 1484 1359 1582 quod
1401 1481 1658 1581 ,primo
1717 1484 2064 1579 majorum
2125 1482 2416 1561 suorum

426 1598 689 1691 fuiffet,
716 1600 980 1678 deinde
1012 1604 1105 1678 ab
1125 1604 1441 1702 Syphace
1462 1604 1555 1677 ad
1580 1602 1645 1677 se
1673 1603 2114 1701 pervenisset,
2141 1625 2407 1703 repete·

434 1722 631 1797 bant.
668 1722 1054 1811 Mafiniffa‚
1077 1731 1129 1766 “
1158 1720 1431 1828 paterni
1454 1722 1652 1821 regni
1674 1744 1926 1821 agrum
1945 1723 2091 1798 se&
2121 1723 2411 1823 recepis-

436 1852 488 1895 ‘·‘
524 1840 619 1931 se,
642 1844 708 1915 δι
733 1843 988 1918 habere
995 1842 1158 1939 jure
1178 1842 1582 1941 gentium‚''
1599 1842 1851 1938 ajebat,
1876 1853 1926 1885 “
1963 1842 2040 1915 ὅτ.
2059 1844 2314 1931 cauffa,
2335 1846 2414 1917 ὅτ

430 1972 485 2006 “
521 1963 929 2059 pofl'effione
950 1960 1378 2061 superiorem
1405 1963 1562 2036 effe.
1662 1959 1871 2035 Nihil
1892 1960 2090 2035 aliud
2125 1964 2191 2036 se
2224 1962 2298 2036 in
2325 1990 2409 2037 ea

432 2092 485 2125 ‘⁸
523 2076 1023 2181 disceptatione
1050 2103 1390 2171 metuere,
1412 2098 1633 2181 quam
1661 2107 1750 2154 ne
1777 2083 2012 2177 pudor
2037 2083 2410 2157 Romano-

428 2214 482 2249 “
516 2229 706 2292 rum,
740 2205 923 2278 dum
948 2224 1341 2289 vereantur,
1370 2228 1461 2275 ne
1496 2198 1682 2299 quid
1714 2197 1905 2275 socio
1929 2222 2141 2299 atque
2171 2201 2408 2277 amico

428 2334 481 2369 “
520 2322 669 2423 regi
716 2320 1040 2397 adversus
1068 2340 1490 2397 communes
1524 2320 1684 2395 suos
1711 2344 1924 2421 atque
1959 2320 2149 2396 illius
2175 2320 2406 2397 hostes

426 2454 480 2488 “
517 2442 869 2519 indulfifl'e
920 2442 1321 2529 videantur,
1372 2442 1639 2515 damno
1691 2442 1839 2515 fit.'’
1937 2438 2198 2541 Legati
2249 2441 2405 2540 pos-

426 2560 727 2639 seffionis
768 2562 889 2660 jus
960 2588 1108 2637 non
1174 2579 1567 2636 mutarunt.
1669 2560 1996 2636 Cauffam
2057 2561 2407 2662 integram

424 2686 744 2759 Romam
806 2682 899 2757 ad
964 2680 1280 2757 senatum
1340 2680 1750 2777 rejecerunt.
1861 2682 1947 2755 In
2009 2680 2405 2781 Liguribus

424 2803 606 2878 nihil
640 2802 879 2900 postea
909 2800 1211 2901 gestum.
1310 2799 1762 2875 Recefferant
1792 2799 2108 2896 primum
2151 2803 2224 2877 in
2278 2806 2404 2878 de·-

423 2922 579 2998 vios
611 2922 859 2997 saltus:
914 2921 1203 3007 deinde,
1256 2918 1539 2994 dimisso
1607 2919 1952 3007 exercitu,
2016 2922 2258 3017 paffim
2324 2923 2402 2997 in

428 3041 626 3118 vicos
678 3040 1093 3140 castellaque
1128 3037 1249 3113 sua
1280 3038 1526 3137 dilapfi
1561 3036 1743 3113 sunt.
1842 3036 2184 3113 Consules
2219 3063 2402 3139 quo·

422 3188 566 3261 que
610 3160 969 3237 dimittere
1024 3158 1419 3234 exercitum
1470 3160 1878 3248 voluerunt,
1929 3182 2010 3231 ac
2065 3156 2157 3233 de
2201 3185 2285 3234 ea
2327 3184 2401 3235 re

422 3284 661 3359 Patres
723 3279 1247 3356 consuluerunt.
1367 3279 1698 3352 Alterum
1761 3302 1856 3351 ex
1917 3274 2057 3365 his,
2117 3276 2400 3354 dimiffo

421 3400 765 3489 exercitu,
799 3401 892 3476 ad
918 3398 1358 3500 magistratus
1388 3395 1464 3470 in
1488 3421 1761 3471 annum
1786 3396 2124 3471 creandos
2157 3397 2398 3473 venire

422 3524 742 3597 Romam
782 3520 1173 3617 jufferunts
1224 3518 1525 3591 alterum
1581 3541 1750 3591 cum
1804 3515 2206 3615 legionibus
2260 3516 2400 3593 suis

419 3640 589 3719 Pifis
650 3639 984 3716 hiemare.
1090 3638 1311 3712 Fama
1368 3654 1538 3722 erat,
1603 3636 1847 3709 Gallos
1898 3634 2400 3734 Transalpinos

404 3763 860 3863 juventutem
906 3783 1218 3831 armare:
1272 3780 1430 3844 nec,
1482 3754 1559 3827 in
1606 3780 1824 3852 quam
1861 3753 2222 3854 regionem
2257 3758 2394 3832 Ita-

414 3880 553 3957 liae
624 3877 925 3955 effusura
987 3874 1055 3951 se
1120 3875 1513 3951 multitudo
1576 3876 1766 3963 effet,
1820 3872 2186 3951 sciebatur.
2285 3879 2398 3953 Ita

416 4003 602 4077 inter
652 3998 721 4074 se
766 3996 1083 4075 consules
1115 4012 1637 4092 compararunt,
1689 4013 1767 4068 ut
1801 3994 1938 4068 Cn.
1970 3993 2268 4069 Baebius
2301 3996 2397 4069 ad

417 4117 710 4196 comitia
756 4116 911 4207 iret,
964 4115 1137 4216 quia
1168 4116 1286 4190 M.
1318 4108 1620 4189 Baebius
1653 4110 1861 4190 frater
1905 4114 2053 4211 ejus
2078 4111 2396 4193 consula-

420 4260 581 4316 tum
612 4240 919 4339 petebat.

1272 4372 1333 4449 B
1364 4374 1415 4449 b
1467 4396 1509 4473 5
1653 4366 1662 4375 ’
